4982 6622
1120 696 1245 800 15-—

234 935 298 996 nisi
321 933 427 1012 fallor,
450 931 639 1013 ceteroquin
665 935 758 991 terras
780 928 936 1012 particula
967 948 1057 992 usus.
1104 933 1202 1010 atque
1229 927 1285 990 illa
1317 925 1444 1008 quidem
1478 927 1625 1009 exempla
1658 946 1723 988 non
1753 925 1865 990 dubito
1893 927 1960 990 fore
1989 931 2045 1012 qni

235 1039 456 1114 accumulent3
483 1037 538 1100 sed
554 1039 722 1099 inventum
742 1037 781 1097 iri
798 1041 924 1118 praeter
940 1032 1091 1097 Catonem
1111 1037 1166 1116 qui
1189 1034 1255 1116 fini
1269 1033 1322 1094 ln's
1338 1033 1431 1094 ralms
1455 1033 1581 1106 dixerit,
1605 1033 1752 1114 equidem
1771 1035 1826 1094 vix
1844 1035 2044 1098 crediderim.

237 1146 352 1228 quodsi
374 1145 539 1227 inopinato
563 1143 681 1226 aliquis
708 1143 895 1204 invenietur
921 1140 1027 1222 plebei
1054 1142 1209 1204 sermonis
1245 1144 1369 1218 auctor,
1408 1145 1444 1201 ut
1477 1141 1642 1222 inopinato
1675 1140 1780 1200 extitit
1814 1140 2045 1206 intermortuae

235 1253 319 1315 circa
343 1250 484 1332 Augusti
507 1255 650 1331 tempora
668 1248 840 1310 locutionis
864 1246 985 1310 vindex
1009 1247 1094 1329 optio
1119 1246 1353 1328 Aquileiensis,
1380 1244 1462 1308 bene
1486 1247 1561 1308 erit:
1595 1264 1684 1308 nunc
1713 1246 1738 1306 si
1763 1247 1860 1308 unico
1884 1247 1939 1309 illo
1963 1251 2045 1312 anti—

237 1376 319 1440 quae
351 1357 463 1418 aetatis
494 1355 640 1437 exemplo
664 1373 738 1416 cum
763 1354 874 1416 aetatis
898 1354 1022 1416 mediae
1045 1353 1269 1434 italorumque
1292 1354 1469 1415 recentium
1499 1351 1733 1414 consuetudine
1757 1359 1954 1434 comparato,
1980 1355 2046 1436 sini

235 1463 377 1526 nominis
400 1461 576 1524 ablativum
601 1460 685 1522 baud
710 1479 804 1522 secus
829 1464 926 1542 atque
950 1458 1125 1522 ablativum
1149 1459 1391 1541 participiorum
1407 1477 1554 1520 sermone
1574 1456 1698 1540 plebeio
1716 1457 1957 1540 frequentatum
1974 1479 2045 1524 esse
2143 1455 2147 1462 '

236 1571 388 1648 dicemus,
411 1569 521 1650 peritis
544 1587 609 1630 non
633 1565 817 1628 videbimur
840 1567 991 1648 cupidius
1015 1567 1226 1630 existimasse.
1273 1583 1379 1646 neque
1403 1584 1479 1626 vero
1503 1563 1605 1626 eidem
1630 1565 1694 1626 iarn
1718 1564 1865 1647 pluribus
1889 1566 2044 1630 edocendi

235 1681 330 1738 erunt
363 1693 460 1756 quam
490 1691 587 1756 prope
621 1659 706 1734 obsit
739 1671 798 1734 hoc
829 1672 1051 1735 anacolutbiae
1074 1691 1179 1756 genus
1215 1671 1254 1734 ab
1287 1671 1425 1734 ablativo
1458 1670 1615 1750 absoluto,
1648 1689 1711 1752 quo
1746 1672 1936 1756 primigenia
1974 1674 2044 1738 eius

234 1783 338 1846 forma
361 1786 525 1864 procreata
548 1785 609 1859 est,
633 1798 729 1860 quam
753 1778 848 1860 longe
872 1779 955 1842 absit
978 1778 1017 1841 ab
1043 1779 1188 1862 analogia
1204 1777 1429 1840 adverbiorum
1454 1769 1546 1838 tonna
1570 1777 1660 1838 intas
1682 1777 1772 1858 sorus
1794 1799 1900 1856 aarum
1921 1781 2042 1862 padum,

237 1906 319 1971 quae
343 1887 451 1950 omnia
475 1887 609 1968 septimo
635 1885 765 1948 demum
794 1883 884 1948 urbis
909 1885 1036 1948 saeculo
1060 1886 1333 1967 praepositionum
1362 1902 1530 1965 personam
1559 1883 1704 1948 induisse
1734 1885 1891 1948 videntur.
1944 1906 2043 1970 quare

236 2013 302 2056 non
326 1991 431 2056 solnm
446 1991 618 2054 Ritsohelio
635 1989 843 2053 diffidendum
861 1988 930 2072 fuit,
949 2011 1023 2054 cum
1041 1991 1203 2074 singulare
1219 1990 1299 2052 illud
1323 2011 1390 2052 osso
1411 1994 1503 2052 torvas
1518 1989 1633 2052 Plauto
1653 1991 1800 2070 restitnit,
1817 2010 1931 2054 verum
1947 1995 2040 2066 etiam

235 2119 300 2162 non
324 2099 421 2162 nimis
450 2097 675 2161 confidendum
699 2097 743 2160 Io.
768 2096 850 2160 Frid.
876 2096 1047 2177 Gronov-io,
1075 2117 1150 2159 cum
1174 2097 1317 2180 speciosa
1341 2115 1417 2158 sane
1440 2097 1569 2179 lenique
1593 2098 1778 2160 coniectura
1805 2100 1838 2159 in
1864 2100 2044 2181 epistulae

237 2206 371 2268 Claudio
390 2202 600 2286 Quadrigario
623 2205 723 2266 relata
746 2205 814 2268 sive
831 2204 937 2286 potius
962 2201 1097 2266 conficta
1119 2203 1230 2266 animo
1253 2209 1345 2264 levares
1368 2203 1517 2264 rora-moti
1540 2202 1641 2266 effecit
1656 2222 1697 2266 ex
1712 2203 1867 2266 librorum
1887 2207 2044 2288 scriptura

238 2311 336 2374 taraci.
385 2328 454 2373 esse
483 2317 591 2372 autem
619 2309 770 2373 adverbia
797 2310 870 2372 illas
898 2329 980 2392 quas
1009 2311 1194 2372 enumeravi
1225 2308 1410 2391 particulas,
1443 2309 1492 2372 vel
1522 2309 1623 2372 forma
1650 2309 1883 2374 vocabulorum
1915 2313 2042 2375 evincit.

236 2423 320 2484 inter
344 2439 424 2502 quas
452 2437 488 2480 ea
508 2435 589 2499 quae
613 2417 653 2480 ad
682 2415 857 2478 ablativum
885 2416 951 2497 fini
981 2417 1111 2479 notione
1142 2434 1240 2502 prope
1269 2415 1405 2495 accedit,
1433 2421 1538 2484 larius,
1571 2433 1608 2478 ea
1640 2416 1772 2498 quidem
1801 2437 1861 2480 sua
1890 2416 1950 2482 sibi
1983 2418 2048 2481 fata

236 2526 349 2590 babuit
372 2544 431 2588 nec
454 2525 538 2586 scitu
560 2503 693 2604 indigna
716 2540 822 2604 nequa
846 2522 950 2584 aliena
973 2521 1011 2584 ab
1036 2521 1132 2584 buius
1156 2521 1287 2604 capituli
1310 2526 1509 2604 argumento.

396 2632 449 2694 An
473 2649 550 2692 vero
574 2647 641 2690 non
663 2629 783 2692 mirum
807 2647 875 2692 esse
888 2611 1030 2710 ‘dixeris
1055 2626 1140 2709 quod
1161 2631 1253 2688 tenus
1272 2628 1480 2690 coniunctum
1500 2646 1575 2690 cum
1592 2626 1740 2690 ablativis
1761 2628 2048 2711 substantivorum,

240 2758 312 2801 cum
348 2744 474 2821 praeter
509 2735 693 2818 exemplum
728 2735 810 2798 illud
835 2733 1034 2818 Quadrigarii
1059 2735 1180 2796 incerta
1203 2733 1385 2815 suspicione
1420 2734 1604 2796 restitutum
1629 2753 1647 2796 a
1669 2734 1848 2798 litterarum
1874 2736 2047 2820 legumque

237 2851 268 2908 et
292 2851 434 2907 actorum
458 2841 661 2926 publicorum
686 2842 840 2904 memoria
863 2839 971 2904 Sullae
995 2840 1152 2902 dictatura
1175 2840 1371 2901 anteriorum
1404 2839 1497 2921 plane
1531 2840 1613 2903 absit
1637 2879 1677 2884 —
1703 2860 1767 2923 quo
1792 2843 1921 2924 quidem
1951 2845 2047 2908 silen-

236 2953 280 3014 tio
304 2953 331 3015 si
355 2950 461 3012 Plauti
484 2948 688 3030 Terentiique
710 2946 836 3010 fabulas
860 2947 1170 3027 commentariosque
1196 2943 1325 3008 Catonis
1349 2951 1380 3008 et
1401 2944 1561 3008 Cornificii
1590 2947 1769 3028 respexeris
1798 2948 1877 3011 nihil
1901 2952 2046 3033 argutius

237 3075 306 3121 esse
323 3057 519 3118 concesseris
531 3092 570 3098 —
582 3055 722 3136 primum
734 3058 876 3136 emergat
887 3055 922 3116 in
935 3050 1133 3114 carminibus
1144 3050 1239 3113 Tullii
1253 3050 1554 3130 adrrlescentiS‚mox
1567 3053 1602 3115 in
1613 3051 1754 3116 Lucretii
1766 3060 1797 3116 et
1810 3051 1935 3134 catulli,
1945 3058 2046 3138 quod·

238 3181 299 3244 que
311 3161 466 3244 pedestris
484 3158 877 3240 sermonissoriptoribus
893 3160 948 3240 qui
961 3158 1076 3220 horum
1088 3163 1190 3220 aetate
1202 3158 1364 3236 vixerunt,
1382 3158 1427 3219 ita
1444 3177 1508 3220 non
1521 3158 1685 3240 placuerit,
1700 3163 1737 3220 ut
1756 3160 1839 3222 idem
1853 3160 1979 3226 Tullius
1997 3163 2045 3227 bis

236 3276 324 3332 terve
344 3270 389 3330 ita
409 3268 536 3330 locutus
561 3268 603 3328 sit
627 3285 687 3328 nec
706 3266 849 3348 pluriens
866 3264 993 3328 Caelius
1010 3261 1216 3326 Corneliusve
1236 3262 1354 3345 Nepos,
1377 3283 1555 3346 numquam
1577 3262 1690 3343 Varro,
1712 3265 1892 3344 Sallustius,
1921 3266 2045 3350 Caesar,

238 3373 430 3436 Vitruvius?
455 3372 544 3454 atqui
561 3376 653 3432 tenna
676 3371 870 3434 vocabulum
894 3389 957 3432 non
984 3387 1053 3432 esso
1077 3373 1189 3431 natum
1214 3368 1426 3432 adulescentis
1448 3368 1543 3432 Tullii
1574 3375 1716 3452 tempore
1740 3371 1797 3435 sed
1820 3375 2043 3438 resuscitatum

237 3478 413 3560 litterisque
428 3479 629 3541 insinuatum
648 3479 721 3560 quis
737 3475 904 3540 abnuerit?
921 3480 951 3538 et
968 3479 1079 3538 extant
1095 3475 1230 3558 vestigia
1242 3475 1389 3557 quamvis
1406 3475 1516 3537 tenuia
1532 3475 1567 3538 iu
1582 3475 1761 3539 litterarum
1776 3481 1995 3543 monumentis
2008 3501 2045 3545 ea

238 3605 333 3667 quam
358 3584 425 3646 dixi
449 3588 551 3646 aetate
575 3581 811 3665 antiquioribus
835 3588 927 3644 taraus
950 3581 1093 3644 adverbii
1116 3586 1181 3643 tam
1206 3581 1293 3644 nude
1317 3587 1354 3643 ut
1377 3581 1470 3642 aiunt
1492 3582 1586 3664 positi
1608 3600 1706 3664 quarn
1730 3569 1876 3647 ablativis
1896 3585 2044 3650 feminini

236 3692 363 3775 generis
379 3690 607 3774 pronominum
628 3690 746 3752 sociati.
782 3689 953 3770 utriusque
968 3689 1094 3770 generis
1114 3687 1243 3770 singula
1261 3686 1409 3769 exempla
1426 3705 1443 3749 e
1461 3685 1621 3750 Plautinis
1642 3687 1760 3752 fabulis
1781 3689 1849 3752 sola
1866 3689 2043 3756 Bacchides

237 3798 365 3860 videtur
388 3795 551 3874 exhibere,
585 3801 681 3878 atque
716 3795 802 3858 illius
826 3794 956 3877 quidem
979 3814 1008 3856 v.
1035 3794 1097 3856 793
1120 3793 1247 3856 intendi
1269 3798 1361 3855 ternas
1385 3831 1425 3837 —
1451 3813 1527 3856 nam
1551 3792 1590 3855 de
1617 3796 1900 3876 grammaticorum
1925 3799 2043 3880 quibus

237 3909 329 3968 terius
352 3901 592 3966 substantivum
616 3919 686 3964 esse
710 3903 815 3964 visum
840 3907 888 3964 est
912 3919 1016 3964 errore
1040 3899 1124 3962 infra
1147 3899 1272 3962 dicetur
1296 3937 1347 3980 —,
1371 3899 1467 3962 buius
1490 3898 1810 3963 disserueramus.
1835 3908 1940 3965 cetera
1961 3925 2043 3988 quae

237 4015 314 4074 sunt
336 4030 370 4071 ca
395 4013 487 4070 tenus
510 4007 568 4070 liae
592 4013 684 4070 tanus
706 4027 770 4089 qua
795 4012 887 4069 tenna
911 4027 929 4068 a
952 4005 1065 4070 Plauto
1094 4024 1164 4068 esse
1199 4005 1303 4069 aliena
1327 4005 1510 4068 observavit
1531 4003 1726 4070 Ritsohelius
1761 4005 1818 4090 Op.
1849 4007 1882 4070 II
1913 4029 1941 4091 p.
1970 4013 2044 4094 253,

238 4135 303 4178 nou
331 4115 471 4178 inveniri
496 4113 581 4196 apud
605 4115 796 4196 antiquioris
819 4114 891 4176 aevi
915 4114 1083 4194 scriptores
1111 4113 1301 4175 meminerat
1323 4111 1473 4174 Handius
1495 4109 1585 4175 Ture.
1608 4111 1641 4174 ΙΙ
1664 4133 1693 4195 p.
1719 4113 1792 4174 341.
1837 4133 1944 4196 neque
1968 4137 2042 4181 vero

238 4221 322 4303 quod
347 4221 513 4302 antiquius
537 4221 579 4282 sit
602 4218 710 4283 Sullae
730 4218 928 4302 temporibus
952 4237 1010 4301 ego
1032 4219 1182 4299 equidem
1208 4218 1310 4282 ullum
1334 4218 1412 4280 mibi
1436 4219 1562 4280 enotavi
1586 4223 1711 4300 praeter
1734 4217 1938 4283 decantatum
1962 4223 2042 4288 illud

236 4328 387 4411 idemque
409 4325 603 4415 perdubium
626 4326 752 4409 glossae
775 4323 861 4388 Festi
883 4345 912 4407 p.
938 4323 1022 4386 258b
1047 4325 1101 4388 32:
1138 4345 1202 4406 qua
1232 4329 1324 4386 tereus
1346 4324 1510 4406 srprn'sicut
1540 4345 1605 4406 qao
1627 4323 1700 4405 fiai,
1726 4329 1762 4386 ut
1783 4324 1842 4387 bue
1870 4331 1962 4389 terrers
1985 4329 2043 4394 leue

235 4434 309 4515 fini,
332 4440 365 4496 at
388 4433 544 4516 quatinus
566 4432 730 4514 (peroratum.
778 4433 832 4494 scd
858 4430 988 4513 arlir'qm'
1010 4436 1199 4513 quatenoc
1221 4430 1365 4494 dicabunt
1389 4435 1425 4492 at
1448 4429 1557 4512 Scipio
1580 4428 1759 4511 Africanas
1783 4431 1819 4494 iu
1842 4453 1878 4494 eo
1900 4435 2042 4498 erutione.

236 4561 335 4621 (paoni
357 4539 485 4602 scribsit
503 4543 672 4622 postquam
698 4559 734 4600 aa
744 4537 857 4620 Africa
881 4537 990 4600 rediri:
1016 4536 1260 4618 ‘clinopodium
1285 4541 1399 4599 iratam
1422 4541 1496 4615 erut,
1522 4541 1714 4618 quatenoc
1736 4542 1840 4599 castra
1864 4545 1973 4602 nosnu-
1997 4541 2042 4605 ita
2076 4585 2086 4604 a

237 4646 365 4708 aru-arta
388 4649 479 4708 oront
500 4650 538 4706 al
555 4665 665 4727 posses
688 4643 841 4706 crorva'lus
863 4642 1034 4719 abdarcar·o‚’
1059 4645 1102 4706 ita
1125 4643 1212 4706 enim
1235 4645 1270 4705 in
1294 4642 1403 4706 codice
1420 4642 1615 4706 Farnesiano
1635 4643 1864 4725 scriptumest:
1890 4653 2042 4727 qrrrrtenos

239 4757 373 4833 utroque
396 4751 465 4814 loco
490 4751 631 4814 correxit
653 4749 801 4814 Ursinus.
848 4767 953 4832 neque
985 4769 1060 4813 vero
1090 4747 1174 4832 fugit
1198 4747 1229 4810 O.
1255 4745 1290 4810 Ο.
1314 4747 1489 4812 Mlillerum
1520 4749 1603 4811 banc
1635 4749 1853 4812 coniecturam
1876 4760 2042 4836 propterea

237 4858 357 4940 aliquid
382 4855 590 4922 dubitationis
613 4855 730 4920 habere
754 4855 841 4937 quod
863 4855 919 4918 illa
947 4859 1050 4918 aetate
1075 4893 1115 4899 —
1141 4859 1219 4918 suut
1242 4855 1327 4916 enim
1351 4853 1450 4917 verba
1464 4855 1609 4918 Africani
1627 4855 1762 4918 minoris
1783 4854 1866 4919 diota
1883 4860 2041 4942 scriptave

237 4985 262 5026 a.
286 4985 317 5027 u.
341 4983 365 5026 c.
391 4963 521 5026 608-
547 4961 734 5045 ‘caprona
761 4962 824 5024 iam
852 4979 954 5044 paene
978 4960 1168 5038 evanuerit'3
1204 4978 1310 5041 neque
1345 4966 1489 5025 servatae
1523 4961 1643 5023 vocalis
1666 4981 1684 5022 o
1706 4962 1830 5043 priscae
1865 4982 1968 5046 usque
2001 4967 2039 5030 ad

235 5069 377 5134 medium
401 5069 567 5133 saeculum
590 5069 761 5152 septimum
785 5067 961 5150 singularia
985 5067 1143 5148 quaedam
1166 5066 1313 5148 exempla
1341 5067 1442 5130 veluti
1466 5067 1666 5148 subterrant
1692 5067 1745 5150 (de
1775 5068 1892 5150 quibus
1921 5091 1948 5132 v.
1972 5070 2040 5134 Rit-

235 5177 375 5240 sohelius
399 5173 519 5258 0pr
542 5195 571 5257 p.
589 5171 663 5253 234)
687 5193 756 5238 eam
781 5171 1012 5236 dubitationem
1037 5174 1166 5255 penitus
1188 5172 1317 5252 tollunt3
1343 5177 1375 5236 at
1398 5178 1495 5256 auget
1513 5172 1647 5235 eandem
1663 5173 1787 5236 iteratio
1807 5176 2040 5242 emendationis

236 5285 348 5366 suapte
382 5287 500 5345 natura
531 5300 645 5364 parum
674 5279 731 5344 illa
765 5277 947 5361 probabilis.
994 5298 1094 5362 quare
1128 5277 1277 5361 equidem
1313 5278 1499 5342 dubitabam
1534 5297 1575 5341 an
1610 5283 1763 5359 quatenoc
1794 5278 1874 5343 illud
1905 5283 1972 5348 sire
2007 5285 2039 5348 id

233 5393 423 5470 quotam-ra
450 5388 518 5451 sive
541 5390 759 5469 paratorio-qua
786 5385 935 5468 primitus
964 5385 1087 5466 diisset,
1122 5383 1248 5448 defendi
1271 5392 1387 5467 posset.
1421 5403 1496 5447 cum
1521 5384 1651 5448 Aemilii
1674 5383 1836 5448 Tewrewk
1865 5386 1904 5450 de
1933 5387 2041 5454 Ponor
