4982 6622
399 2388 497 2500 Miro
527 2435 653 2499 fervore
680 2453 785 2518 neque
812 2452 889 2497 vero
913 2436 1032 2497 eventu
1058 2431 1179 2496 infelici
1205 2431 1358 2515 philologi
1382 2429 1569 2494 Germaniae
1596 2431 1647 2494 his
1676 2432 1911 2514 quinquaginta
1945 2432 2047 2498 ferme

239 2546 344 2626 annis,
368 2561 450 2626 quos
475 2563 493 2606 a
517 2541 675 2606 Plautinis
699 2539 813 2604 studiis
837 2540 966 2623 auspice
976 2537 1148 2604 Ritschelio
1173 2539 1331 2622 susceptis
1355 2541 1536 2617 numerant,
1552 2538 1710 2600 sermonis
1729 2535 1836 2600 Lahni
1859 2540 2045 2622 antiquissi-

239 2653 283 2715 mi
302 2651 390 2734 leges
413 2669 469 2732 pro
486 2668 545 2712 sua
569 2648 708 2731 quisque
729 2645 881 2709 facultate
903 2663 1093 2730 recuperare
1117 2645 1199 2708 enisi
1222 2649 1306 2708 sunt.
1332 2661 1395 2726 quo
1419 2643 1549 2726 quidem
1573 2644 1724 2727 temporis
1748 2643 1886 2708 decursu
1908 2645 1941 2708 id
1963 2665 2044 2727 quo-

241 2776 303 2840 que
326 2757 428 2840 magis
451 2755 620 2837 magisque
643 2771 753 2816 eorum
777 2753 893 2816 animis
915 2752 1103 2832 insinuavit,
1127 2751 1214 2834 quod
1236 2750 1323 2813 idem
1347 2750 1401 2813 ille
1424 2749 1540 2813 horum
1564 2749 1745 2813 studiorum
1778 2751 1949 2834 sospitator
1980 2753 2045 2814 iam

239 2881 324 2926 anno
351 2863 435 2925 1833
459 2878 560 2944 paene
585 2859 721 2922 dixerim
745 2842 954 2922 subsenserat
975 2859 1019 2940 (v.
1043 2876 1133 2921 nunc
1156 2855 1272 2940 Opusc.
1298 2855 1328 2916 V
1350 2875 1378 2939 p.
1405 2857 1471 2937 17),
1503 2875 1653 2940 campum
1676 2875 1759 2938 eum,
1789 2858 1912 2940 inquo
1940 2878 2045 2940 gram-

239 2969 373 3032 maticae
396 2967 511 3030 messis
534 2965 742 3048 conligendas
769 2963 860 3027 labor
883 2963 1104 3027 exanclandus
1128 2964 1177 3040 sit,
1208 2961 1248 3025 ab
1277 2963 1323 3026 eis
1351 2961 1547 3045 regionibus,
1571 2962 1689 3046 quibus
1713 2967 1921 3046 cognatarum
1945 2966 2046 3027 natio-

238 3095 319 3138 num
341 3075 472 3156 linguae
494 3071 683 3154 litteraeque
712 3069 928 3150 effloruerunt,
962 3088 1029 3133 non
1062 3087 1131 3132 esse
1155 3069 1248 3151 quasi
1272 3069 1410 3131 maceria
1434 3067 1573 3151 quadam
1596 3069 1798 3153 diremptum,
1832 3071 1879 3133 ita
1903 3076 1940 3134 ut
1962 3071 2045 3134 ultro

240 3182 384 3262 citroque
419 3176 619 3240 commeandi
646 3176 852 3258 fructumque
883 3176 1026 3239 vicissim
1053 3175 1183 3259 petendi
1207 3174 1371 3257 dandique
1398 3175 1449 3236 ius
1476 3179 1680 3257 potestasque
1707 3176 1799 3238 nulla
1817 3167 1898 3240 sint.
1928 3175 2045 3258 quodsi

238 3287 422 3350 conticuere
445 3303 556 3348 eorum
579 3301 685 3364 voces,
714 3283 771 3364 qui
793 3282 854 3344 hoc
886 3281 971 3364 quod
1000 3279 1177 3364 significavi
1205 3281 1406 3345 commeandi
1430 3281 1676 3364 comparandive
1699 3281 1840 3346 studium
1861 3302 1880 3344 a
1904 3280 2042 3344 Graecae

239 3391 437 3474 Latinaeque
460 3388 688 3473 grammaticae
711 3387 887 3469 disciplinis
910 3386 1022 3470 procul
1046 3405 1115 3451 essa
1138 3387 1323 3450 habendum
1347 3388 1455 3471 pueris
1484 3384 1577 3450 nobis
1601 3387 1663 3450 alte
1691 3387 1907 3468 clamitabant,
1936 3393 2040 3450 100000

241 3516 282 3561 00
305 3516 393 3560 0000
417 3496 545 3578 quidem
571 3495 691 3558 desunt
714 3493 771 3576 qui
793 3493 889 3556 tacita
913 3497 1057 3574 tecteque
1080 3492 1166 3556 idem
1189 3493 1367 3556 aversando
1390 3492 1596 3576 philologiam
1618 3494 1825 3557 incrementis
1848 3512 1913 3556 000
1937 3492 2042 3556 solum

241 3603 334 3666 novis
358 3622 471 3666 verum
496 3602 591 3665 etiam
614 3601 708 3683 plane
731 3600 919 3663 necessariis
941 3599 1165 3663 intercludant
1190 3599 1323 3663 sedisti
1347 3598 1479 3682 quidem
1503 3597 1621 3661 habent
1643 3619 1710 3662 non
1738 3599 1817 3662 nihil
1841 3618 1904 3680 quo
1928 3617 1962 3662 se
1986 3617 2041 3661 er-

239 3714 362 3790 cusent,
384 3709 591 3792 inportunam
615 3707 819 3789 quorundam
841 3706 873 3767 in
899 3711 1024 3768 nostros
1048 3704 1128 3769 fines
1149 3706 1379 3786 incursionem,
1403 3706 1460 3788 qui
1483 3704 1562 3787 quid
1585 3707 1669 3768 intra
1691 3705 1749 3768 hos
1772 3709 1884 3768 natum
1908 3707 1950 3768 sit
1971 3705 2042 3788 qui-

241 3814 368 3898 busque
390 3813 437 3877 ibi
463 3814 591 3898 legibus
621 3814 747 3875 vivatur
777 3831 892 3894 parum
919 3811 1061 3874 curando
1090 3830 1213 3894 suaque
1235 3811 1412 3894 longinque
1438 3810 1604 3875 inferendo
1631 3812 1873 3894 permistionem
1897 3813 2041 3875 omnium

239 3941 350 3985 rerum
385 3920 677 4002 obscuritatemque
711 3921 884 4002 procreent.
910 3917 1118 3999 ·quodcontra
1149 3937 1243 4001 saepe
1277 3919 1387 3981 mirari
1415 3917 1515 3982 subiit
1538 3917 1624 4000 quod
1652 3919 1723 3981 sani
1757 3917 1902 3984 homines
1930 3921 2041 3984 iudicii

238 4045 353 4091 eorum
376 4027 590 4110 patrocinium
614 4025 776 4107 suscipere
799 4023 914 4086 cotidie
937 4023 1119 4107 dignentur,
1154 4025 1209 4106 qui
1234 4023 1396 4107 quidquid
1414 4024 1513 4107 lapidi
1528 4024 1580 4087 vel
1596 4025 1662 4086 aeri
1677 4029 1733 4088 aut
1749 4027 1839 4090 testis
1859 4028 2041 4092 tectoriisve

240 4131 353 4197 Latine
376 4134 566 4216 inscriptum
582 4135 678 4211 extat,
695 4131 730 4192 id
752 4129 792 4192 ab
815 4130 949 4192 historia
965 4149 1062 4212 quam
1077 4129 1256 4194 moliuntur
1279 4132 1436 4194 sermonis
1452 4129 1557 4192 Latini
1580 4130 1719 4193 alienum
1744 4129 1940 4196 arbitrantur
1963 4153 2039 4196 esse.

239 4244 435 4323 quapropter
450 4241 478 4304 si
501 4257 572 4302 meo
586 4235 778 4321 proludendi
794 4236 1038 4319 omnigenarum
1054 4236 1229 4300 lectionum
1245 4236 1345 4299 indici
1364 4255 1498 4300 munere
1516 4238 1559 4299 ita
1579 4236 1740 4320 fungerer,
1763 4243 1800 4300 ut
1814 4238 1970 4322 exemplis
1985 4257 2042 4322 per

240 4350 382 4409 saturam
406 4345 578 4429 conpositis
601 4339 838 4426 conprobatam,
862 4341 941 4424 quid
964 4341 1042 4404 haec
1065 4361 1161 4424 quam
1185 4341 1335 4425 profiteor
1356 4343 1528 4426 philologia
1550 4342 1682 4406 classica
1704 4343 1837 4426 paulum
1860 4345 2041 4427 propagatis

241 4457 379 4535 utroque
403 4471 516 4516 versus
538 4449 660 4514 finibus
684 4446 857 4530 proficeret,
885 4447 998 4510 honori
1025 4448 1128 4530 ipsius
1157 4449 1402 4531 litterarumque
1429 4450 1632 4512 universitati
1662 4469 1719 4533 pro
1748 4450 1833 4514 virili
1855 4455 1943 4535 parte
1966 4467 2040 4514 con·

240 4557 380 4620 suluisse
402 4558 481 4620 mihi
497 4555 636 4620 videbar.
660 4554 715 4618 sed
732 4553 1003 4636 circumspicienti
1026 4555 1104 4616 mihi
1128 4574 1165 4618 ac
1187 4573 1289 4638 paene
1312 4555 1482 4619 haesitanti
1506 4556 1593 4638 quod
1616 4556 1756 4640 primum
1780 4557 1819 4620 de
1841 4560 1907 4619 tam
1929 4555 2041 4620 multis

239 4662 397 4746 exemplis
420 4664 454 4726 in
476 4664 620 4727 medium
643 4660 809 4741 adferrem,
831 4665 962 4743 repente
985 4662 1089 4724 omnis
1113 4660 1268 4724 dubitatio
1293 4662 1440 4746 adempta
1462 4667 1512 4726 est
1530 4660 1645 4726 oblatis
1659 4661 1776 4726 libellis
1793 4661 1919 4726 duobus
1942 4661 2040 4726 altero

240 4767 377 4834 Athenis
401 4788 418 4832 a
442 4769 573 4834 Batavis
597 4769 702 4832 altero.
742 4767 798 4850 qui
820 4766 894 4829 licet
921 4785 1020 4830 sensu
1049 4768 1271 4850 sententiaque
1295 4767 1461 4851 dispariles
1484 4774 1591 4832 essent
1613 4773 1650 4831 ut
1673 4770 1729 4852 qui
1756 4769 1906 4849 maxime,
1933 4773 2041 4832 100000

238 4875 440 4939 concorditer
462 4895 513 4940 me
541 4873 798 4954 cohortabantur,
825 4878 862 4937 ut
885 4873 924 4936 ab
947 4872 1024 4936 love
1047 4874 1242 4957 principium
1264 4892 1353 4937 more
1382 4873 1530 4937 sollemni
1558 4875 1717 4939 ducerem.
1750 4894 1825 4940 nam
1853 4875 1898 4937 ita
1925 4875 2041 4956 evenit,

241 4986 278 5043 ut
303 4999 378 5044 cum
406 5001 511 5066 nuper
537 4981 668 5045 titulum
691 4979 761 5043 Iovi
789 4999 914 5042 sacrum
944 4978 1155 5062 Saturnoque,
1184 4999 1249 5062 quo
1272 4981 1356 5044 inter
1378 4979 1484 5044 Latini
1511 4982 1667 5044 sermonis
1695 4989 1904 5046 monumenta
1932 4986 2041 5046 vetus·

240 5087 306 5150 tius
339 5092 428 5152 extat
459 5087 596 5168 nullum,
627 5092 699 5170 post
730 5086 809 5150 alios
837 5085 1064 5169 explicandum
1095 5088 1314 5170 sumpsissem,
1343 5107 1431 5152 nunc
1456 5087 1597 5152 Graecus
1624 5087 1738 5152 titulus
1766 5089 1902 5152 Athenis
1934 5093 2040 5171 optato

241 5201 446 5277 compararet,
469 5196 526 5278 qui
547 5193 596 5257 illi
617 5194 704 5258 haud
729 5192 866 5258 abstude
893 5211 999 5276 neque
1023 5190 1062 5254 ob
1086 5191 1187 5256 solam
1210 5195 1433 5278 antiquitatem
1460 5213 1554 5278 posse
1581 5196 1749 5278 conparari
1777 5193 1947 5258 videretur.
1984 5194 2040 5258 sed

239 5299 354 5362 eodem
381 5306 522 5385 tempore
550 5300 693 5364 adfertur
721 5298 844 5364 Cobetii
866 5320 895 5362 v.
919 5298 957 5362 cl.
981 5300 1306 5366 commentatiuncula
1328 5299 1561 5382 Mnemosyncs
1588 5301 1762 5364 voluminis
1786 5301 1864 5362 noni
1885 5299 2042 5364 fasciculo

239 5411 355 5488 quarto
379 5407 513 5488 inclusa,
541 5427 606 5490 qua
632 5407 772 5490 primum
800 5406 931 5489 quidem
958 5425 1017 5470 nos
1040 5405 1238 5490 quicumque
1260 5409 1296 5470 in
1324 5407 1418 5470 titulo
1439 5405 1552 5470 Latino
1580 5407 1778 5471 enucleando
1807 5407 2042 5474 desudavimus
