4982 6622
1324 704 1365 768 12

1239 795 1450 804 ———..-.—

442 954 590 1018 pressum
611 936 753 999 eiusdem
783 936 869 999 illins
893 935 1137 1000 consuetudinis
1162 938 1296 1019 vestigia
1314 935 1479 1002 monstrat
1518 936 1636 1000 etenim
1659 941 1696 998 111
1713 945 1966 1001 consentaneum
1989 942 2036 1001 est
2059 959 2077 1001 a
2100 937 2247 1001 sollemni

443 1061 539 1123 more,
564 1062 627 1124 quo
648 1042 868 1124 sepulcrorum
892 1047 1239 1125 monumentorumque
1262 1043 1393 1110 honoris
1417 1064 1515 1108 cansa
1537 1045 1714 1127 positorum
1739 1042 1825 1105 tituli
1848 1049 2014 1126 reguntur,
2046 1065 2109 1108 non
2142 1045 2245 1108 solum

443 1149 555 1210 matris
579 1146 727 1210 vocabuli
752 1147 955 1210 omissionem
980 1167 1094 1211 verum
1118 1149 1213 1212 etiam
1236 1150 1410 1215 liberorum
1426 1171 1483 1234 per
1498 1169 1608 1214 casum
1625 1151 1803 1233 genitivum
1820 1149 2049 1232 adpositionem
2067 1149 2247 1233 abhorrere,

443 1255 487 1316 ita
509 1253 717 1316 manifestum
740 1257 795 1334 est,
829 1253 923 1336 plane
959 1255 1154 1338 singularem
1188 1255 1275 1320 illam
1301 1257 1467 1320 Corneliae
1500 1256 1791 1319 denominationem
1816 1254 1855 1318 ab
1878 1255 1977 1320 huius
2000 1255 2138 1328 feminae
2162 1255 2246 1320 fama

443 1381 508 1424 non
533 1362 640 1424 minus
665 1360 820 1442 singulari
845 1367 877 1422 et
898 1360 1074 1424 infortunio
1098 1362 1193 1424 unico
1216 1354 1364 1445 pendere.
1391 1381 1474 1445 qnae
1498 1381 1572 1425 cum
1595 1361 1658 1424 fato
1681 1361 1795 1425 acerbo
1819 1381 1900 1443 quos
1922 1381 2041 1444 pueros
2065 1364 2099 1424 in
2124 1365 2245 1446 gremio

445 1467 601 1547 educavit,
625 1486 706 1548 quos
730 1466 854 1530 adultos
872 1467 1089 1530 cohortatione
1106 1469 1307 1552 consilioque
1318 1469 1407 1550 fovit,
1428 1468 1511 1533 filios
1524 1467 1605 1531 duos
1622 1469 1781 1532 amisisset
1795 1473 1884 1550 patre
1899 1467 2030 1530 inlustri
2044 1468 2245 1534 inlustriores

444 1579 539 1656 atque
561 1573 718 1636 libertatis
734 1573 877 1636 vindices
893 1575 1072 1654 acerrimos,
1095 1575 1234 1657 prolecto
1250 1575 1440 1659 cogitatione
1457 1574 1591 1658 adsequi
1608 1593 1782 1657 possumus
1807 1575 1863 1655 qui
1885 1573 2006 1638 factum
2030 1576 2071 1638 sit
2093 1579 2129 1638 ut
2143 1575 2246 1638 bomi-

445 1700 500 1744 nes
524 1679 641 1744 urbani
664 1678 841 1760 argutando
866 1685 998 1743 matrem
1022 1679 1097 1744 filiis
1122 1689 1156 1744 nt
1178 1683 1223 1744 ita
1247 1683 1349 1744 dicam
1374 1682 1603 1764 manciparent.
1636 1681 1789 1743 nimirum
1805 1678 1991 1744 Latinorum
2015 1700 2109 1744 casus
2132 1685 2245 1764 patrici

445 1805 541 1868 quem
564 1785 700 1850 technici
724 1791 839 1847 1111111
862 1786 949 1848 notio
972 1788 1140 1869 generalis,
1175 1809 1282 1871 aqua
1314 1789 1423 1870 variae
1454 1789 1523 1850 eius
1554 1788 1675 1870 species
1703 1791 1857 1868 tanquam
1887 1786 1985 1848 rivuli
2008 1805 2026 1850 e
2049 1787 2136 1852 fonte
2159 1807 2243 1852 conr-

445 1893 537 1956 11111
568 1890 754 1970 decurrunt,
787 1893 968 1973 possessiva
1001 1898 1060 1956 est:
1086 1894 1181 1956 ‘idem
1214 1895 1323 1958 valere
1357 1893 1395 1956 de
1427 1896 1585 1976 genetiris
1617 1899 1794 1957 ceterarum
1828 1891 2035 1956 dialectorum
2060 1892 2245 1958 Italicarum

446 2017 527 2081 qnae
551 1998 682 2081 quidem
708 1997 878 2060 artioribus
901 2001 1100 2081 cognationis
1124 2001 1262 2066 vinculis
1288 2000 1454 2082 copulatae
1478 2001 1552 2080 sint,
1575 1999 1703 2062 indiciis
1727 2000 1912 2062 certissimis
1936 2001 2147 2082 cognoscitur,
2184 2020 2245 2064 nec

444 2107 546 2170 mirus
569 2111 617 2168 est
640 2105 751 2167 borum
769 2105 961 2187 populorum
986 2125 1173 2186 1111111111,
1197 2125 1215 2168 a
1235 2104 1364 2170 Graecis
1388 2106 1561 2186 dissensus,
1586 2107 1704 2188 quippe
1728 2104 1857 2167 ablativi
1877 2103 1916 2168 ab
1932 2105 2052 2170 italicis
2076 2109 2202 2190 recepti,
2226 2128 2244 2170 a

446 2211 576 2276 Graecis
598 2212 735 2294 ignorati
759 2212 940 2293 vestigium.
976 2213 1035 2274 boc
1059 2232 1189 2295 quoqne
1210 2213 1330 2276 Italicis
1355 2231 1429 2275 cnm
1451 2213 1521 2294 ipso
1537 2211 1730 2275 familiarum
1746 2213 1955 2294 gentiumque
1978 2213 2050 2274 inre
2074 2231 2243 2277 commune

443 2320 513 2400 fuit,
537 2325 572 2382 ut
594 2319 806 2401 possessivum
831 2317 919 2379 illam
936 2338 1032 2398 quani
1057 2319 1126 2382 diri
1150 2321 1315 2382 notionem
1337 2319 1480 2401 genetivi
1504 2318 1544 2381 ad
1564 2316 1809 2401 significandum
1830 2318 1901 2380 eius
1918 2317 2098 2381 dominium
2115 2325 2242 2382 uteren-

442 2432 503 2505 tur,
525 2427 557 2487 in
582 2426 678 2487 cuius
704 2428 858 2506 potestate
882 2443 982 2504 manu
1005 2427 1206 2509 mancipiove
1222 2432 1307 2490 esset
1321 2424 1452 2504 familia,
1474 2424 1534 2486 hoc
1558 2430 1607 2488 est
1631 2443 1721 2503 uxor,
1744 2421 1845 2502 liberi,
1869 2424 1962 2502 servi,
1986 2422 2041 2486 sed
2067 2425 2113 2487 ita
2136 2432 2244 2489 tamen

441 2538 477 2594 ut
487 2530 641 2594 Romanis
663 2531 863 2612 potissimum
888 2532 1001 2594 11111111
1024 2551 1255 2615 servorumque
1279 2533 1413 2594 nomina
1436 2550 1454 2591 a
1477 2532 1634 2612 genetiuis
1651 2531 1853 2594 dominorum
1871 2526 2066 2612 suspendere
2081 2530 2245 2614 placuerit,

440 2637 585 2700 velutin
609 2637 658 2698 his
686 2635 820 2698 Caecilio
847 2635 972 2717 11111111,
1013 2637 1156 2701 varanna
1177 2637 1303 2708 1111111111,
1337 2635 1449 2717 Pelops
1472 2633 1587 2714 Parta,
1623 2635 1820 2700 Samnitibus
1845 2633 1975 2698 Umbris
2000 2634 2163 2719 Paelignis
2187 2659 2244 2701 no·

441 2742 702 2818 minafiliorum,
725 2743 871 2806 velutin
894 2744 943 2806 his
975 2744 1008 2806 1⁷.
1036 2743 1189 2826 Pripidir's
1213 2745 1258 2826 V,
1283 2746 1323 2808 L.
1348 2742 1487 2825 l'oria(a)
1507 2741 1550 2822 T,
1575 2743 1613 2806 P.
1634 2743 1764 2806 Sotiates
1789 2742 1819 2805 Τ.
1844 2743 2059 2824 nequeenim
2083 2743 2245 2808 adsentior

441 2848 1381 2934 1111113111111111111111111111111111111111111111111
1413 2850 1530 2912 omisso
1560 2849 1618 2912 filii
1649 2849 1808 2912 vocabulo
1839 2848 1960 2912 dixisse
1984 2849 2137 2931 suspicati
2161 2859 2244 2914 sunt.

442 2956 520 3019 haec
545 2962 652 3020 autem
676 2961 902 3040 grammaticae
926 2958 1064 3020 notionis
1088 2956 1126 3019 ad
1150 2959 1230 3022 iuris
1253 2960 1408 3021 rationem
1434 2957 1525 3038 quasi
1550 2957 1716 3039 applicatio
1740 2959 1852 3038 quanti
1875 2956 1907 3017 in
1924 2953 2019 3017 Italia
2036 2957 2150 3036 priscis
2165 2963 2245 3020 tem-

442 3062 572 3146 poribus
594 3065 711 3146 vigoris
723 3063 827 3143 fuerit,
851 3062 925 3126 inde
939 3063 1093 3126 discimus
1106 3065 1192 3146 quod
1206 3065 1317 3128 eadem
1329 3064 1384 3127 illa
1397 3064 1490 3127 etiarn
1503 3063 1539 3124 in
1552 3063 1710 3145 coniugiis
1727 3061 1859 3124 deorum
1872 3058 2092 3142 significandis
2108 3067 2172 3124 tam
2185 3061 2244 3126 La-

442 3172 501 3234 tini
526 3190 622 3252 quam
651 3170 704 3231 alii
733 3170 844 3252 populi
874 3168 1062 3233 utebantur:
1092 3170 1136 3232 ita
1156 3169 1277 3234 Romae
1300 3171 1422 3234 dictum
1443 3169 1519 3232 Lan
1544 3168 1689 3247 Sotrrrnr',
1712 3170 1747 3230 11
1771 3166 1906 3230 Umbria
1925 3165 2048 3228 Vesana
2060 3166 2245 3232 1111111111

445 3277 488 3358 (v.
513 3295 595 3357 quae
620 3277 770 3338 adnotavi
795 3276 834 3338 ad
858 3275 990 3338 Prelleri
1015 3276 1185 3339 editionem
1211 3280 1335 3340 tertiam
1359 3277 1376 3338 I
1398 3297 1427 3358 p.
1453 3276 1524 3336 272.
1549 3274 1638 3356 454).
1676 3274 1731 3336 sed
1754 3279 1862 3336 tamen
1885 3270 1983 3354 probe
2007 3271 2201 3337 dinoscendo
2224 3297 2243 3339 a

446 3383 640 3445 Graecorum
665 3380 796 3444 deornm
822 3381 1018 3464 dearumque
1042 3383 1200 3465 coniugiis
1224 3383 1300 3446 baec
1323 3382 1444 3461 Italica,
1479 3381 1627 3443 videlicet
1661 3379 1833 3442 liberorum
1856 3377 1943 3461 prole
1967 3377 2127 3442 destituta.
2163 3401 2245 3463 quae

445 3509 517 3552 oum
540 3489 585 3551 ita
608 3490 681 3567 sint,
705 3489 732 3550 si
757 3487 885 3571 quando
910 3495 1084 3570 emergeret
1106 3489 1325 3552 testimonium
1348 3488 1409 3550 tale
1428 3486 1639 3570 Serrrprorn'as
1659 3485 1876 3548 Gracchorum
1894 3484 2044 3548 ommisso
2068 3488 2167 3567 patris
2189 3507 2244 3551 vo-

445 3595 568 3676 cabule,
591 3596 661 3658 eius
685 3599 846 3658 auctorem
872 3613 938 3656 non
962 3595 1161 3676 argutiarum
1186 3600 1242 3658 aut
1265 3596 1444 3660 soloecismi
1467 3593 1520 3657 sed
1551 3592 1716 3655 vecordiae
1740 3610 1832 3654 reum
1855 3607 2022 3672 ageremus
2049 3596 2159 3673 utpote
2188 3613 2244 3657 na-

446 3710 536 3766 turae
560 3702 661 3782 ipsius
685 3699 809 3783 legibus
832 3706 1070 3784 repugnantem.
1117 3707 1147 3764 at
1179 3703 1264 3764 eninr
1298 3703 1355 3782 qui
1387 3700 1466 3764 illud
1502 3699 1647 3762 (1111111111
1675 3696 1890 3760 Gracchorum
1913 3705 2174 3779 propagaverunt
2205 3701 2244 3764 ab

445 3809 505 3870 hoc
528 3808 660 3870 crimine
683 3806 840 3870 liberandi
864 3812 947 3884 sunt,
972 3808 1123 3889 quoniam
1147 3810 1257 3871 1111111
1288 3810 1321 3870 11
1352 3806 1435 3870 filios
1466 3811 1606 3888 potestas
1631 3804 1721 3866 nulla
1742 3803 1813 3866 fuit.
1848 3800 1962 3884 quodsi
1991 3821 2089 3883 supra
2111 3811 2244 3870 matrem

447 3915 515 3978 dini
537 3914 597 3975 hac
619 3911 723 3994 figura
744 3914 952 3994 grammatica
975 3913 1067 3994 quasi
1091 3915 1306 3996 mancipatam
1328 3914 1412 3992 filiis,
1435 3919 1542 3976 tamen
1565 3911 1654 3974 vides
1678 3929 1742 3991 quo
1765 3909 1825 3972 hoc
1847 3909 2011 3991 pertineat.
2036 3913 2244 3991 nequeenim

446 4021 472 4083 si
496 4038 656 4082 summam
679 4019 724 4081 rei
748 4020 926 4102 respexeris
950 4038 1080 4102 prorsus
1105 4019 1230 4082 diversa
1254 4021 1379 4082 ratione
1402 4019 1544 4082 effictum
1568 4023 1616 4080 est
1638 4016 1719 4079 illud
1743 4015 1858 4078 urbani
1874 4018 2029 4082 sermonis
2044 4017 2136 4080 11111111
2154 4039 2242 4099 pou-

445 4145 555 4189 coruar
578 4124 757 4204 homirnum,
780 4127 872 4188 ouius
895 4125 1065 4188 locutionis
1089 4127 1263 4206 proprietas
1280 4145 1316 4188 eo
1340 4127 1523 4188 continetur
1547 4123 1631 4206 quod
1656 4122 1816 4205 qualitatis
1832 4125 2002 4206 genetivus
2019 4142 2114 4205 quem
2133 4123 2245 4186 dicunt

448 4269 488 4277 —
513 4235 690 4294 astantem
714 4232 742 4293 is
767 4251 894 4314 quoque
917 4231 1117 4314 possessivus
1143 4267 1183 4276 —
1209 4237 1321 4315 argute
1345 4233 1384 4295 ad
1408 4251 1575 4314 personam
1609 4229 1785 4292 translatus
1809 4235 1865 4293 est.
1899 4230 2102 4312 singulariter
2125 4229 2245 4296 dictum

448 4343 632 4418 utrumque,
656 4342 831 4420 utrumque
855 4337 1011 4401 similiter:
1037 4357 1056 4400 a
1079 4337 1218 4400 filiorum
1245 4339 1429 4402 nominibus
1452 4337 1591 4420 fatisque
1615 4335 1768 4414 Cornelia,
1792 4355 1810 4397 1
1833 4355 2010 4418 paucorum
2033 4333 2245 4402 familiaritate

447 4443 621 4525 prudenter
639 4442 687 4504 illi
702 4444 788 4525 volgi
803 4449 1034 4525 contemptores
1058 4443 1251 4507 videbantur
1276 4445 1358 4507 vitae
1382 4462 1461 4508 suae
1485 4443 1576 4525 quasi
1600 4447 1707 4504 notam
1732 4443 1900 4524 accepisse.
1936 4440 2051 4504 urbani
2066 4443 2164 4524 igitur
2179 4463 2245 4506 ser·

447 4550 551 4612 monis
576 4550 719 4629 argutias
742 4568 804 4612 usu
829 4549 976 4612 sollemni
995 4554 1131 4630 sanctas,
1154 4569 1220 4613 non
1236 4551 1345 4614 sordes
1368 4551 1501 4614 lususve
1524 4548 1663 4612 hominis
1679 4546 1793 4630 plebei,
1806 4549 1834 4610 is
1848 4548 1903 4629 qui
1916 4545 2065 4611 Octaviae
2087 4551 2245 4630 porticum

448 4655 626 4719 exornandi
649 4674 759 4717 curam
782 4655 909 4738 gerebat
932 4673 1046 4736 passus
1070 4663 1119 4720 est
1142 4657 1303 4722 subscribi
1327 4662 1451 4721 statuae
1475 4655 1639 4719 Corneliae
1662 4655 1773 4716 matris
1797 4652 2021 4716 Gracchorum.

606 4761 648 4825 Et
676 4764 829 4844 qnoniam
853 4761 1087 4842 quodammodo
1119 4763 1257 4828 feminae
1290 4763 1506 4827 nobilissimae
1537 4780 1666 4824 causam
1700 4761 1760 4843 egi,
1792 4778 1880 4822 nunc
1911 4759 2080 4842 perorandi
2107 4762 2178 4824 iure
2201 4763 2246 4824 ita

449 4878 529 4949 utar,
553 4874 590 4932 ut
613 4887 728 4931 aureae
751 4869 819 4930 eius
842 4867 1008 4949 epistulae,
1040 4871 1090 4932 cui
1124 4870 1321 4934 enarrandae
1344 4870 1467 4952 aliquid
1490 4886 1592 4950 nuper
1615 4866 1747 4946 contuli,
1778 4885 1867 4928 nunc
1890 4865 1989 4930 verba
2011 4867 2169 4930 nonnulla
2192 4867 2246 4929 ad·

448 4974 585 5039 scribam
601 4974 827 5038 emendatiora.
852 4974 1011 5056 ecqrrorrdo
1023 4975 1143 5039 (11111111
1152 4975 1282 5058 familia
1304 4980 1414 5038 11111111
1436 4974 1603 5037 emanire?
1628 4972 1787 5054 ccqrrorrdo
1802 4971 1916 5034 raodars
1932 4973 2033 5035 eirae
2049 4969 2131 5052 (sive
2150 4973 2242 5036 irae:

448 5080 477 5142 ri
499 5080 547 5144 rer'
569 5079 655 5157 libri)
686 5079 796 5144 baberi
817 5081 955 5162 poterit?
984 5082 1144 5163 acqaortdo
1174 5082 1356 5146 desirramars
1383 5079 1579 5145 attrahentes
1611 5083 1638 5140 ct
1661 5077 1845 5161 praebentes
1867 5077 2056 5142 molestiis
2089 5077 2245 5158 1111111111

447 5187 598 5250 adsutum
620 5187 655 5247 in
678 5185 768 5248 libris
773 5186 804 5263 r?
829 5187 989 5268 ecquando
1008 5187 1213 5270 perpadascet
1233 5187 1396 5252 11111111ιά11
1418 5207 1455 5250 uo
1473 5184 1694 5270 perturbando
1715 5205 1749 5247 rc
1767 5183 1919 5267 publico?

608 5290 773 5355 Corneliae
805 5292 904 5356 verba
935 5295 1051 5376 quippe
1083 5294 1200 5358 doloris
1231 5294 1368 5358 materni
1395 5298 1487 5356 aestu
1518 5292 1692 5356 laborantis
1719 5309 1784 5353 non
1812 5307 1905 5373 posse
1929 5289 1967 5353 ad
1991 5289 2148 5373 perfectae
2171 5308 2247 5354 con·

447 5399 610 5462 cinnitatis
634 5398 776 5480 regulam
799 5401 886 5482 exigi
909 5400 1013 5464 aiunt:
1046 5400 1151 5462 audio.
1192 5404 1224 5464 at
1251 5399 1330 5482 quid
1352 5400 1505 5480 ieiunius
1537 5397 1614 5480 quid
1642 5398 1744 5480 magis
1768 5395 1895 5460 elumbe
1923 5397 2001 5478 istie,
2035 5395 2245 5478 ecquandone
