4982 6622
1345 700 1366 761 4

452 953 539 1018 spem
565 949 692 996 omnem
716 929 842 994 abicere
864 929 1027 996 iubemur:
1061 932 1181 995 scilicet
1204 931 1304 994 aliurn
1333 930 1395 993 alio
1418 929 1580 994 hebetiora
1602 931 1733 1015 ingenio
1762 929 1923 1015 praeditos
1947 929 2180 1013 disciplinaque
2202 932 2261 996 illa

452 1039 677 1123 comparativa,
699 1056 765 1120 qua
787 1036 867 1103 111111
890 1037 933 1100 111
955 1038 1112 1101 11111111
1135 1039 1299 1118 remotius,
1322 1037 1430 1100 nescio
1454 1037 1615 1118 quomodo
1640 1043 1823 1100 occaecatos
1850 1055 1939 1100 11111
1965 1055 2025 1100 111
2050 1035 2259 1104 deliramenta

453 1143 832 1230 aegrorumquesomnia
855 1181 896 1188 —
922 1148 998 1208 sunt
1020 1143 1099 1207 haec
1122 1143 1221 1207 verba
1243 1144 1345 1226 ipsius
1369 1181 1410 1188 —
1435 1161 1477 1206 ex
1502 1143 1558 1206 illo
1586 1144 1768 1207 extorsisse.
1796 1143 1846 1223 fac
1872 1143 1918 1206 ita
1945 1161 2029 1206 esse:
2066 1143 2122 1207 sed
2148 1150 2256 1210 tamen

454 1253 606 1334 quoniam
634 1253 669 1312 in
701 1269 735 1313 re
761 1251 854 1332 gravi
883 1268 1029 1333 quaeque
1057 1254 1322 1334 argumentorum
1356 1249 1499 1332 pondera
1531 1250 1675 1331 requirat
1708 1250 1759 1311 vir
1791 1249 1992 1332 perinlustris
2026 1248 2102 1313 solis
2134 1250 2258 1316 facetiis

453 1359 564 1441 eisque
595 1377 663 1453 pem
692 1360 801 1443 gessit,
832 1375 916 1442 quae
947 1357 1056 1420 nescio
1085 1377 1124 1419 an
1157 1357 1326 1419 hominnm
1358 1355 1605 1420 inlitteratorum
1636 1356 1765 1420 circulis
1792 1356 1895 1439 magis
1932 1355 2126 1420 conveniant
2158 1377 2257 1440 qnam

453 1463 685 1546 Mnemosyncs
708 1463 944 1547 Musarumque
972 1463 1162 1544 cultoribus,
1189 1481 1230 1526 ne
1252 1463 1321 1545 ipse
1350 1461 1479 1544 quidem
1505 1465 1721 1546 expectaverit
1747 1463 1823 1526 huic
1849 1464 2030 1526 invectivae
2056 1463 2151 1527 istius
2173 1463 2258 1545 parti

454 1590 650 1655 quemquam
675 1573 874 1656 argumentis
898 1589 968 1634 esse
990 1589 1229 1653 responsurum.
1270 1587 1328 1652 ego
1352 1573 1437 1632 certe
1466 1568 1551 1632 soleo
1576 1569 1702 1635 silentio
1725 1569 1801 1633 talia
1824 1570 2005 1654 praeterire.
2031 1568 2086 1632 sed
2110 1572 2257 1652 expecta-

454 1673 527 1740 bam
551 1679 701 1761 equidem
726 1697 800 1742 enm
823 1697 880 1760 pro
904 1678 1030 1760 egregio
1055 1675 1206 1759 quodque
1229 1676 1262 1738 in
1286 1676 1335 1738 bis
1352 1694 1484 1758 quoque
1507 1676 1600 1738 terris
1620 1677 1817 1760 suspicimus
1836 1677 1985 1739 acumine
2008 1675 2049 1738 ad
2071 1674 2257 1738 solvendam

453 1784 535 1847 banc
559 1785 779 1868 quaestionem
805 1784 1014 1866 quantumvis
1038 1783 1176 1846 alienam
1199 1781 1239 1845 ab
1270 1801 1307 1845 ea
1335 1782 1513 1846 litterarum
1536 1786 1634 1866 parte,
1672 1783 1704 1844 in
1735 1782 1887 1866 quesere
1909 1780 2039 1863 habitat,
2070 1781 2122 1844 vel
2150 1782 2256 1844 1111111-

453 1891 521 1954 lum
545 1893 619 1955 novi
655 1891 784 1954 tandem
809 1909 880 1954 esse
914 1890 1124 1953 conlaturam.
1172 1888 1248 1972 quid
1271 1888 1347 1951 ille?
1379 1888 1545 1952 subductis
1574 1889 1743 1972 derepente
1766 1888 1945 1972 superciliis
1977 1888 2133 1971 suspicari
2156 1907 2191 1951 se
2213 1888 2258 1952 ait

452 1999 656 2080 impostorem
681 1998 886 2079 nescioquem
917 2015 1109 2076 esuriemve,
1141 1995 1245 2079 qualis
1269 1994 1355 2079 apud
1378 1995 1517 2058 Batavos
1540 2013 1671 2079 quoqne
1696 1994 1868 2079 aliquando
1892 1993 2065 2058 stultorum
2087 1994 2255 2057 hominum

454 2105 561 2168 studia
585 2103 745 2185 deluserit,
768 2109 950 2168 monstrum
981 2101 1061 2165 illud
1093 2103 1311 2184 inscriptionis
1342 2101 1514 2164 effinxisse.
1561 2101 1657 2185 paulo
1689 2102 1854 2165 incautius
1881 2101 1960 2164 haec
1986 2119 2152 2183 perorasse
2183 2118 2257 2164 eum

454 2210 585 2292 dixeris,
608 2211 769 2294 siquidem
794 2211 880 2294 quod
904 2209 1008 2273 solum
1031 2211 1066 2271 in
1089 2208 1153 2272 illis
1176 2207 1308 2290 pagellis
1330 2213 1456 2290 praeter
1478 2208 1659 2271 irrisionem
1685 2206 1776 2288 dixit,
1798 2207 1832 2269 id
1861 2208 2026 2270 hominnm
2055 2225 2169 2270 eorum
2200 2207 2257 2290 qui

453 2315 550 2380 fidem
572 2315 735 2399 Dresselii,
759 2320 816 2403 qui
838 2317 994 2402 peritiam,
1024 2316 1081 2399 qui
1104 2315 1212 2396 copies
1233 2312 1446 2395 falsariorum,
1473 2313 1613 2396 denique
1638 2314 1693 2396 qui
1721 2314 1911 2396 scripturam
1939 2315 2058 2376 veteris
2081 2311 2163 2375 Latii
2191 2331 2257 2376 ser-

454 2441 647 2506 monemque
663 2429 784 2488 norunt
807 2463 848 2470 —
874 2427 952 2486 sunt
969 2427 1075 2484 antem
1099 2421 1186 2484 baud
1207 2421 1302 2504 pauci
1328 2457 1368 2464 —
1393 2439 1505 2483 eornm
1526 2422 1672 2484 omnium
1693 2417 2257 2502 11111111111111.111111110111111

454 2550 483 2592 v.
507 2530 544 2592 el.
567 2528 763 2603 iocularibus
790 2531 945 2593 conviciis
969 2526 1270 2610 suspicionibusque
1304 2526 1425 2590 frivolis
1450 2525 1547 2590 redeo
1578 2527 1618 2590 ad
1649 2544 1714 2590 rem
1751 2527 1867 2591 seriam
1897 2527 1979 2590 serio
2014 2525 2258 2607 retractandam,

453 2638 747 2718 interpretationem
770 2636 854 2699 tituli
877 2635 1012 2698 Romani
1036 2634 1262 2716 antiquissimi.

1342 2828 1366 2890 l.

613 2931 733 3020 1111111
764 2957 862 3039 igitur
884 2954 1039 3038 Esquiliis
1074 2972 1185 3018 meuse
1204 2952 1305 3036 Aprili
1330 2953 1407 3014 anni
1432 2951 1528 3032 1880,
1559 2951 1637 3015 dum
1672 2952 1820 3016 odviam
1855 2969 1938 3034 quae
1969 2971 2056 3014 nunc
2077 2949 2257 3016 Nationalis

454 3062 572 3126 dieitur
594 3081 679 3126 nova
695 3061 821 3126 Hi’rfferi
844 3062 983 3126 bominis
1006 3061 1135 3124 natione
1151 3058 1301 3123 Germani
1326 3058 1440 3122 domus
1459 3057 1693 3138 coaedificatur,
1716 3075 1830 3140 operae
1857 3056 2027 3121 ruderibus
2055 3057 2119 3121 alte
2142 3059 2258 3140 egestis

454 3175 579 3252 praeter
600 3168 662 3232 alia
683 3169 812 3250 figlinas
835 3169 912 3232 11111
935 3167 1178 3249 antiquissimae
1201 3165 1360 3246 fragmina
1380 3185 1437 3227 vas
1461 3168 1639 3228 cretaceum
1665 3167 1833 3227 extraxere
1855 3164 2078 3246 trigeminum:
2102 3165 2146 3226 ita
2170 3165 2256 3226 enim

454 3275 559 3338 dicere
574 3275 649 3338 licet
671 3293 728 3337 vas
752 3275 838 3356 qnod
862 3293 879 3336 1
902 3273 1005 3335 tribus
1028 3271 1161 3335 vasibus
1177 3273 1261 3333 inter
1277 3289 1311 3334 11
1327 3269 1459 3333 artificio
1476 3268 1633 3352 singulari
1650 3268 1877 3352 conglutinatis
1893 3270 2108 3357 compositum
2125 3275 2179 3333 est.
2202 3271 2256 3333 eni

455 3399 530 3472 curn
558 3383 665 3442 crusta
687 3385 790 3442 terrae
825 3397 971 3462 quaeque
1000 3379 1157 3460 longaevo
1193 3377 1257 3440 situ
1280 3375 1477 3440 obduruerat
1511 3374 1646 3438 inducta
1669 3379 1761 3456 esset,
1783 3374 1868 3437 felici
1891 3393 1969 3438 casn
1993 3373 2187 3456 Dresselius,
2220 3377 2256 3438 in

455 3486 547 3550 cuins
577 3505 693 3549 manus
720 3485 800 3548 illud
834 3488 1033 3568 pervenerat,
1063 3485 1232 3548 latentium
1265 3480 1326 3546 sub
1359 3500 1396 3545 11
1426 3481 1605 3546 litterarum
1637 3482 1936 3564 antiquissimarum
1968 3482 2103 3565 vestigia
2126 3481 2256 3564 detexit,

454 3611 531 3655 mox
553 3591 695 3656 absterso
720 3591 916 3654 dissolutove
939 3609 1030 3654 casco
1053 3592 1283 3674 integumento,
1304 3591 1446 3672 integras
1465 3589 1541 3672 legit
1562 3589 1787 3670 inscriptiones
1810 3585 1914 3668 binas,
1945 3607 2028 3669 quas
2050 3587 2159 3650 nescio
2183 3589 2256 3670 quis

454 3699 527 3762 stilo
559 3698 766 3762 nitidiuscnle
798 3698 831 3760 in
864 3698 933 3760 vasi
967 3697 1208 3777 scarifioaverat,
1239 3697 1375 3779 priorem
1404 3694 1501 3758 hanc:
1542 3694 1628 3757 ionei
1657 3694 1681 3772 (1
1702 3691 1912 3776 inserta)so(a
1935 3712 1976 3756 ex
2000 3713 2015 3755 c
2036 3693 2258 3776 facta)ideines

454 3803 1127 3887 qoamenarratama'redeatoeoamaeramnae
1172 3801 1325 3887 (spatium
1371 3802 1517 3866 relictum
1564 3802 1690 3864 circiter
1735 3801 1878 3882 quinque
1923 3798 2101 3862 litterarum
2141 3803 2258 3882 capax)

453 3910 1015 3993 osiedrror'siopetor'tesinrprncem'uor's,
1052 3908 1182 3972 alteram
1224 3927 1358 3992 eamque
1406 3909 1587 3993 postmodo
1613 3907 1753 3970 additam
1795 3907 1892 3970 hanc:
1938 3904 2258 3987 (ltrereosnrodfelredeu

350 4059 354 4068 ‹
453 4014 766 4098 maraovrzaoromdata
800 4016 966 4100 postmodo
998 4013 1425 4098 insertatonoinernednnro(o
1453 4013 1717 4095 incertamstntod.
1759 4013 1877 4096 scripta
1910 4011 1987 4074 baec
2026 4017 2103 4075 sunt
2141 4012 2258 4076 litteris

461 4122 583 4187 Latinis
598 4123 719 4186 formae
736 4124 986 4206 antiquissimae,
1009 4123 1092 4185 11111
1116 4141 1196 4204 quas
1219 4143 1236 4184 1
1262 4126 1422 4206 comparet
1445 4126 1587 4204 ternpore
1612 4120 1685 4184 belli
1709 4123 1818 4182 contra
1834 4119 1997 4200 Pyrrhum
2019 4119 2099 4202 gesti
2121 4138 2258 4202 agram-

461 4231 597 4294 matistis
613 4249 655 4293 ex
670 4228 836 4313 alphabeto
855 4227 969 4290 Latino
988 4229 1097 4308 eiecta,
1114 4228 1296 4312 scriptaque
1314 4232 1391 4291 sunt
1414 4245 1481 4290 uno
1505 4233 1624 4308 tenore,
1647 4227 1709 4289 nisi
1733 4226 1819 4308 qnod
1842 4224 1991 4309 bipertita
2014 4230 2062 4288 111
2091 4225 2257 4309 inscriptio

460 4338 555 4420 prior,
579 4357 597 4400 a
621 4337 734 4400 dextra
757 4335 798 4398 ad
821 4336 993 4416 sinistram,
1016 4335 1101 4417 quod
1118 4352 1222 4416 genus
1238 4334 1397 4397 scribendi
1412 4333 1532 4396 Rornae
1555 4352 1700 4415 unquam
1723 4331 1901 4396 obtinuisse
1925 4331 2031 4394 adbuc
2054 4330 2144 4393 nullo
2161 4331 2258 4394 doen·

460 4447 568 4506 mento
592 4441 764 4506 constabat.
788 4441 971 4524 exemplum
996 4441 1119 4503 *vasculi
1143 4459 1216 4504 cnm
1240 4441 1447 4524 inscriptione
1461 4438 1804 4523 photolithographum,
1819 4439 2037 4520 inscriptionis
2060 4434 2258 4501 aDresselio

461 4553 630 4633 exceptum
652 4549 755 4613 fidum
779 4585 820 4596 -
844 4567 920 4611 nam
943 4565 1001 4630 ego
1030 4565 1159 4628 quoque
1191 4547 1383 4630 archetypon
1408 4547 1508 4610 oculis
1543 4545 1756 4627 manibusque
1789 4545 1922 4627 utplus
1951 4543 2048 4608 semel
2070 4561 2260 4626 usurparem

461 4652 613 4718 Dresselii
636 4655 818 4718 humanitas
840 4655 983 4738 permisit
1007 4689 1047 4698 —
1073 4659 1184 4716 extant
1198 4653 1380 4717 Annalibus
1403 4653 1548 4716 Instituti
1571 4653 1671 4716 nostri
1695 4651 1831 4714 Romani
1856 4671 1882 4714 a.
1901 4650 1986 4714 1880
2004 4651 2125 4714 inserta
2147 4651 2181 4731 (t.
2200 4647 2250 4731 L.)

461 4761 545 4825 unde
569 4763 703 4846 repetita
726 4767 803 4825 sunt
826 4781 863 4824 ea
886 4779 969 4843 quae
1003 4779 1061 4843 ego
1096 4760 1281 4824 edissertavi
1303 4758 1413 4823 Herm.
1440 4759 1576 4822 11881
1611 4759 1793 4842 122511.
1827 4759 1996 4820 inventum
2033 4761 2161 4820 111111
2184 4775 2258 4820 curn

460 4867 629 4948 similibus,
664 4869 727 4932 nisi
761 4867 845 4950 quod
873 4867 1010 4930 litterata
1040 4867 1102 4929 alia
1135 4885 1200 4930 non
1224 4885 1439 4950 comparuere,
1462 4867 1548 4928 intra
1570 4865 1697 4928 moenia
1720 4863 1810 4928 urbis
1839 4864 1998 4946 antiquae.
2022 4867 2159 4946 possunt
2181 4863 2259 4926 baec

460 4976 567 5038 omnia
598 4993 635 5038 eo
665 4974 807 5057 antiquis
837 4971 1035 5057 temporibus
1068 4992 1085 5036 1
1109 4973 1286 5056 sepulcreto
1309 4971 1488 5055 Esquilino,
1512 4970 1597 5053 quod
1620 4988 1717 5054 prope
1740 4968 1838 5048 abest,
1871 4969 1994 5032 abiecte
2016 4987 2094 5048 esse,
2124 4973 2260 5052 possunt

460 5082 556 5144 etiam
579 5082 738 5164 pertinere
757 5080 795 5143 ad
820 5079 1047 5163 supellectilem
1073 5099 1195 5144 sacram
1220 5079 1327 5143 sacelli
1343 5079 1478 5142 alicuius
1503 5076 1657 5160 quodibi
1681 5075 1788 5139 sedem
1811 5095 1901 5138 suam
1918 5075 2085 5160 pristinam
2104 5074 2259 5138 habuerit

462 5220 502 5233 -
527 5193 638 5251 contra
661 5187 797 5251 Athenis
820 5187 855 5248 in
877 5187 981 5270 ipsius
1004 5187 1173 5270 sepulcreti
1197 5185 1236 5248 ad
1260 5183 1399 5270 Dipylon
1425 5185 1478 5248 siti
1499 5182 1611 5246 infimo
1635 5187 1733 5246 strato
1757 5187 1918 5265 repertum
1943 5187 1991 5246 111
2005 5200 2063 5246 vas
2079 5186 2258 5246 cretaceum

460 5293 540 5356 illud
563 5295 597 5356 in
622 5312 685 5377 quo
708 5295 817 5356 nescio
841 5295 913 5375 quis
935 5312 1067 5377 prorsus
1091 5292 1227 5375 gemelle
1253 5290 1397 5355 Ronrano
1430 5291 1575 5373 scriptori
1599 5294 1665 5353 arte
1689 5289 1761 5352 stilo
1789 5289 1868 5352 haee
1891 5288 2064 5352 scarifavit:
2100 5281 2260 5372 ὁςνυνορχ-

459 5398 1221 5480 1111111ντοναταλοταταπαιζειτοτο*εκ**μ**.
1259 5399 1337 5461 haec
1372 5403 1457 5461 certa
1490 5401 1567 5461 sunt
1593 5401 1718 5479 praeter
1750 5415 1788 5459 ea
1815 5396 1971 5460 elementa
2004 5413 2086 5478 quae
2125 5389 2260 5458 stellulis
