<?xml version="1.0" encoding="UTF-8"?>
<!DOCTYPE html PUBLIC "-//W3C//DTD XHTML 1.0 Transitional//EN"
    "http://www.w3.org/TR/xhtml1/DTD/xhtml1-transitional.dtd">
<html xmlns="http://www.w3.org/1999/xhtml" xml:lang="en" lang="en">
 <head>
  <title>
</title>
<meta http-equiv="Content-Type" content="text/html;charset=utf-8" />
  <meta name='ocr-system' content='tesseract 3.04.00' />
  <meta name='ocr-capabilities' content='ocr_page ocr_carea ocr_par ocr_line ocrx_word'/>
</head>
<body>
  <div class='ocr_page' id='page_1' title='image "./vindiciaesermon00jordgoog_0010.png"; bbox 0 0 4982 6622; ppageno 0'>
   <div class='ocr_carea' id='block_1_1' title="bbox 1291 697 1464 794">
    <p class='ocr_par' dir='ltr' id='par_1_1' title="bbox 1291 697 1464 794">
     <span class='ocr_line' id='line_1_1' title="bbox 1291 697 1464 794; baseline 0 0"><span class='ocrx_word' id='word_1_1' title='bbox 1291 788 1294 794; x_wconf 91' lang='lat'>.</span> <span class='ocrx_word' id='word_1_2' title='bbox 1349 697 1367 758; x_wconf 77' lang='grc'>6</span> <span class='ocrx_word' id='word_1_3' title='bbox 1446 790 1464 794; x_wconf 82' lang='grc'><strong>-</strong></span> 
     </span>
    </p>
   </div>
   <div class='ocr_carea' id='block_1_2' title="bbox 449 921 2264 2182">
    <p class='ocr_par' dir='ltr' id='par_1_2' title="bbox 449 921 2264 2182">
     <span class='ocr_line' id='line_1_2' title="bbox 449 921 2264 1012; baseline 0.001 -26"><span class='ocrx_word' id='word_1_4' title='bbox 449 921 538 986; x_wconf 90' lang='lat' dir='ltr'>enim</span> <span class='ocrx_word' id='word_1_5' title='bbox 569 923 668 986; x_wconf 89' lang='lat' dir='ltr'>sacris</span> <span class='ocrx_word' id='word_1_6' title='bbox 690 922 801 988; x_wconf 83' lang='lat' dir='ltr'>Bonae</span> <span class='ocrx_word' id='word_1_7' title='bbox 833 924 910 991; x_wconf 92' lang='lat' dir='ltr'>deae</span> <span class='ocrx_word' id='word_1_8' title='bbox 938 931 1093 993; x_wconf 89' lang='lat' dir='ltr'>interesse</span> <span class='ocrx_word' id='word_1_9' title='bbox 1118 929 1232 992; x_wconf 88' lang='lat' dir='ltr'>vetitos</span> <span class='ocrx_word' id='word_1_10' title='bbox 1255 945 1325 992; x_wconf 88' lang='lat' dir='ltr'>esse</span> <span class='ocrx_word' id='word_1_11' title='bbox 1349 936 1487 1007; x_wconf 64' lang='lat' dir='ltr'>constan</span> <span class='ocrx_word' id='word_1_12' title='bbox 1512 948 1529 993; x_wconf 94' lang='lat' dir='ltr'>e</span> <span class='ocrx_word' id='word_1_13' title='bbox 1553 932 1711 993; x_wconf 90' lang='lat' dir='ltr'>contrario</span> <span class='ocrx_word' id='word_1_14' title='bbox 1735 929 1878 1012; x_wconf 86' lang='lat' dir='ltr'>virgines</span> <span class='ocrx_word' id='word_1_15' title='bbox 1902 948 1921 990; x_wconf 88' lang='lat' dir='ltr'>a</span> <span class='ocrx_word' id='word_1_16' title='bbox 1944 923 2139 1010; x_wconf 88' lang='lat' dir='ltr'>quibusdam</span> <span class='ocrx_word' id='word_1_17' title='bbox 2163 925 2264 988; x_wconf 87' lang='lat' dir='ltr'>sacris</span> 
     </span>
     <span class='ocr_line' id='line_1_3' title="bbox 452 1029 2264 1120; baseline -0.001 -27"><span class='ocrx_word' id='word_1_18' title='bbox 452 1031 552 1093; x_wconf 90' lang='lat' dir='ltr'>arceri</span> <span class='ocrx_word' id='word_1_19' title='bbox 578 1029 689 1093; x_wconf 86' lang='lat' dir='ltr'>solitas</span> <span class='ocrx_word' id='word_1_20' title='bbox 712 1048 783 1094; x_wconf 88' lang='lat' dir='ltr'>esse</span> <span class='ocrx_word' id='word_1_21' title='bbox 806 1040 977 1098; x_wconf 80' lang='lat' dir='ltr'>monuerat</span> <span class='ocrx_word' id='word_1_22' title='bbox 1000 1035 1199 1099; x_wconf 87' lang='lat' dir='ltr'>Biichelerus</span> <span class='ocrx_word' id='word_1_23' title='bbox 1223 1037 1322 1100; x_wconf 86' lang='lat' dir='ltr'>ascita</span> <span class='ocrx_word' id='word_1_24' title='bbox 1345 1035 1431 1100; x_wconf 80' lang='lat' dir='ltr'>Festi</span> <span class='ocrx_word' id='word_1_25' title='bbox 1453 1036 1559 1120; x_wconf 84' lang='lat' dir='ltr'>glossa</span> <span class='ocrx_word' id='word_1_26' title='bbox 1581 1056 1610 1118; x_wconf 90' lang='lat' dir='ltr'>p.</span> <span class='ocrx_word' id='word_1_27' title='bbox 1635 1037 1691 1099; x_wconf 85' lang='lat'>82:</span> <span class='ocrx_word' id='word_1_28' title='bbox 1721 1040 1834 1104; x_wconf 75' lang='lat' dir='ltr'>caesio.</span> <span class='ocrx_word' id='word_1_29' title='bbox 1864 1039 1952 1096; x_wconf 77' lang='lat' dir='ltr'>estro</span> <span class='ocrx_word' id='word_1_30' title='bbox 1982 1037 2053 1097; x_wconf 86' lang='lat' dir='ltr'>esto.</span> <span class='ocrx_word' id='word_1_31' title='bbox 2102 1031 2149 1094; x_wconf 80' lang='lat' dir='ltr'>sic</span> <span class='ocrx_word' id='word_1_32' title='bbox 2175 1030 2264 1092; x_wconf 78' lang='lat' dir='ltr'>erar&#39;nv</span> 
     </span>
     <span class='ocr_line' id='line_1_4' title="bbox 450 1137 2264 1225; baseline -0.001 -23"><span class='ocrx_word' id='word_1_33' title='bbox 450 1137 601 1202; x_wconf 73' lang='lat' dir='ltr'>lictorem</span> <span class='ocrx_word' id='word_1_34' title='bbox 625 1137 820 1220; x_wconf 80' lang='lat' dir='ltr'>quibusdum</span> <span class='ocrx_word' id='word_1_35' title='bbox 842 1143 943 1206; x_wconf 69' lang='lat' dir='ltr'>sacris</span> <span class='ocrx_word' id='word_1_36' title='bbox 965 1141 1165 1205; x_wconf 80' lang='lat' dir='ltr'>clamitabat:</span> <span class='ocrx_word' id='word_1_37' title='bbox 1202 1142 1311 1206; x_wconf 76' lang='lat' dir='ltr'>‘bostis</span> <span class='ocrx_word' id='word_1_38' title='bbox 1333 1143 1461 1206; x_wconf 79' lang='lat' dir='ltr'>vinctus</span> <span class='ocrx_word' id='word_1_39' title='bbox 1485 1142 1601 1204; x_wconf 74' lang='lat' dir='ltr'>tntilicr</span> <span class='ocrx_word' id='word_1_40' title='bbox 1623 1143 1711 1225; x_wconf 74' lang='lat' dir='ltr'>rviyo</span> <span class='ocrx_word' id='word_1_41' title='bbox 1734 1140 1856 1206; x_wconf 55' lang='lat' dir='ltr'>cresto)</span> <span class='ocrx_word' id='word_1_42' title='bbox 1906 1139 1991 1222; x_wconf 92' lang='lat' dir='ltr'>quod</span> <span class='ocrx_word' id='word_1_43' title='bbox 2019 1138 2150 1221; x_wconf 88' lang='lat' dir='ltr'>quidem</span> <span class='ocrx_word' id='word_1_44' title='bbox 2175 1138 2264 1200; x_wconf 89' lang='lat' dir='ltr'>testi-</span> 
     </span>
     <span class='ocr_line' id='line_1_5' title="bbox 453 1243 2263 1332; baseline -0.002 -24"><span class='ocrx_word' id='word_1_45' title='bbox 453 1245 600 1308; x_wconf 90' lang='lat' dir='ltr'>monium</span> <span class='ocrx_word' id='word_1_46' title='bbox 629 1251 660 1307; x_wconf 91' lang='lat' dir='ltr'>et</span> <span class='ocrx_word' id='word_1_47' title='bbox 687 1250 817 1330; x_wconf 87' lang='lat' dir='ltr'>propter</span> <span class='ocrx_word' id='word_1_48' title='bbox 851 1249 1021 1312; x_wconf 88' lang='lat' dir='ltr'>mulierum</span> <span class='ocrx_word' id='word_1_49' title='bbox 1050 1249 1279 1331; x_wconf 78' lang='lat' dir='ltr'><strong>virginumque</strong></span> <span class='ocrx_word' id='word_1_50' title='bbox 1308 1267 1383 1312; x_wconf 93' lang='lat' dir='ltr'>cum</span> <span class='ocrx_word' id='word_1_51' title='bbox 1416 1249 1506 1312; x_wconf 91' lang='lat' dir='ltr'>hoste</span> <span class='ocrx_word' id='word_1_52' title='bbox 1537 1250 1710 1332; x_wconf 89' lang='lat' dir='ltr'>vinctoque</span> <span class='ocrx_word' id='word_1_53' title='bbox 1741 1249 1937 1312; x_wconf 82' lang='lat' dir='ltr'>consortium</span> <span class='ocrx_word' id='word_1_54' title='bbox 1968 1252 2000 1309; x_wconf 93' lang='lat' dir='ltr'>et</span> <span class='ocrx_word' id='word_1_55' title='bbox 2029 1249 2158 1328; x_wconf 91' lang='lat' dir='ltr'>propter</span> <span class='ocrx_word' id='word_1_56' title='bbox 2181 1243 2263 1306; x_wconf 90' lang='lat' dir='ltr'>sacri</span> 
     </span>
     <span class='ocr_line' id='line_1_6' title="bbox 452 1348 2263 1438; baseline -0.004 -20"><span class='ocrx_word' id='word_1_57' title='bbox 452 1371 558 1436; x_wconf 88' lang='lat' dir='ltr'>genus</span> <span class='ocrx_word' id='word_1_58' title='bbox 580 1353 752 1434; x_wconf 79' lang='lat' dir='ltr'>incertum,</span> <span class='ocrx_word' id='word_1_59' title='bbox 777 1354 862 1435; x_wconf 93' lang='lat' dir='ltr'>quod</span> <span class='ocrx_word' id='word_1_60' title='bbox 885 1359 993 1418; x_wconf 89' lang='lat' dir='ltr'>tamen</span> <span class='ocrx_word' id='word_1_61' title='bbox 1015 1353 1182 1438; x_wconf 90' lang='lat' dir='ltr'>publicum</span> <span class='ocrx_word' id='word_1_62' title='bbox 1204 1355 1306 1419; x_wconf 89' lang='lat' dir='ltr'>fuisse</span> <span class='ocrx_word' id='word_1_63' title='bbox 1328 1355 1449 1418; x_wconf 87' lang='lat' dir='ltr'>lictoris</span> <span class='ocrx_word' id='word_1_64' title='bbox 1471 1356 1591 1418; x_wconf 88' lang='lat' dir='ltr'>mentio</span> <span class='ocrx_word' id='word_1_65' title='bbox 1614 1356 1742 1436; x_wconf 86' lang='lat' dir='ltr'>evincit,</span> <span class='ocrx_word' id='word_1_66' title='bbox 1772 1354 1812 1418; x_wconf 91' lang='lat' dir='ltr'>ad</span> <span class='ocrx_word' id='word_1_67' title='bbox 1839 1373 1908 1418; x_wconf 93' lang='lat' dir='ltr'>rem</span> <span class='ocrx_word' id='word_1_68' title='bbox 1936 1357 2079 1416; x_wconf 88' lang='lat' dir='ltr'>nostram</span> <span class='ocrx_word' id='word_1_69' title='bbox 2102 1348 2263 1414; x_wconf 90' lang='lat' dir='ltr'>stabilien-</span> 
     </span>
     <span class='ocr_line' id='line_1_7' title="bbox 455 1458 2264 1544; baseline -0.002 -22"><span class='ocrx_word' id='word_1_70' title='bbox 455 1460 528 1523; x_wconf 85' lang='lat' dir='ltr'>dam</span> <span class='ocrx_word' id='word_1_71' title='bbox 552 1477 668 1540; x_wconf 90' lang='lat' dir='ltr'>parum</span> <span class='ocrx_word' id='word_1_72' title='bbox 690 1458 843 1523; x_wconf 92' lang='lat' dir='ltr'>idoneum</span> <span class='ocrx_word' id='word_1_73' title='bbox 867 1467 942 1524; x_wconf 88' lang='lat' dir='ltr'>erat.</span> <span class='ocrx_word' id='word_1_74' title='bbox 987 1463 1053 1524; x_wconf 91' lang='lat' dir='ltr'>iam</span> <span class='ocrx_word' id='word_1_75' title='bbox 1070 1461 1179 1525; x_wconf 88' lang='lat' dir='ltr'>nescio</span> <span class='ocrx_word' id='word_1_76' title='bbox 1204 1463 1261 1544; x_wconf 90' lang='lat' dir='ltr'>qui</span> <span class='ocrx_word' id='word_1_77' title='bbox 1285 1460 1404 1524; x_wconf 81' lang='lat' dir='ltr'>tactum</span> <span class='ocrx_word' id='word_1_78' title='bbox 1429 1462 1471 1524; x_wconf 92' lang='lat' dir='ltr'>sit</span> <span class='ocrx_word' id='word_1_79' title='bbox 1494 1466 1530 1524; x_wconf 91' lang='lat' dir='ltr'>ut</span> <span class='ocrx_word' id='word_1_80' title='bbox 1552 1480 1646 1524; x_wconf 88' lang='lat' dir='ltr'>nemo</span> <span class='ocrx_word' id='word_1_81' title='bbox 1671 1469 1817 1524; x_wconf 89' lang='lat' dir='ltr'>nostrum</span> <span class='ocrx_word' id='word_1_82' title='bbox 1841 1465 1873 1524; x_wconf 89' lang='lat' dir='ltr'>et</span> <span class='ocrx_word' id='word_1_83' title='bbox 1895 1459 2054 1522; x_wconf 85' lang='lat' dir='ltr'>notissimi</span> <span class='ocrx_word' id='word_1_84' title='bbox 2077 1463 2109 1520; x_wconf 91' lang='lat' dir='ltr'>et</span> <span class='ocrx_word' id='word_1_85' title='bbox 2130 1474 2264 1539; x_wconf 86' lang='lat' dir='ltr'>prorsus</span> 
     </span>
     <span class='ocr_line' id='line_1_8' title="bbox 453 1559 2264 1649; baseline -0.004 -19"><span class='ocrx_word' id='word_1_86' title='bbox 453 1566 562 1630; x_wconf 87' lang='lat' dir='ltr'>idonei</span> <span class='ocrx_word' id='word_1_87' title='bbox 585 1566 760 1628; x_wconf 89' lang='lat' dir='ltr'>testimonii</span> <span class='ocrx_word' id='word_1_88' title='bbox 784 1585 907 1630; x_wconf 91' lang='lat' dir='ltr'>mernor</span> <span class='ocrx_word' id='word_1_89' title='bbox 928 1567 1033 1648; x_wconf 81' lang='lat' dir='ltr'>fuerit,</span> <span class='ocrx_word' id='word_1_90' title='bbox 1058 1567 1144 1649; x_wconf 89' lang='lat' dir='ltr'>quod</span> <span class='ocrx_word' id='word_1_91' title='bbox 1167 1567 1201 1630; x_wconf 92' lang='lat' dir='ltr'>in</span> <span class='ocrx_word' id='word_1_92' title='bbox 1219 1566 1347 1631; x_wconf 80' lang='lat' dir='ltr'>Catonis</span> <span class='ocrx_word' id='word_1_93' title='bbox 1370 1569 1418 1630; x_wconf 90' lang='lat' dir='ltr'>rei</span> <span class='ocrx_word' id='word_1_94' title='bbox 1441 1569 1578 1632; x_wconf 83' lang='lat' dir='ltr'>rusticae</span> <span class='ocrx_word' id='word_1_95' title='bbox 1600 1568 1682 1632; x_wconf 87' lang='lat' dir='ltr'>libro</span> <span class='ocrx_word' id='word_1_96' title='bbox 1706 1587 1732 1631; x_wconf 92' lang='lat' dir='ltr'>c.</span> <span class='ocrx_word' id='word_1_97' title='bbox 1755 1567 1797 1630; x_wconf 81' lang='lat'>83</span> <span class='ocrx_word' id='word_1_98' title='bbox 1821 1570 1921 1629; x_wconf 79' lang='lat' dir='ltr'>extat:</span> <span class='ocrx_word' id='word_1_99' title='bbox 1946 1569 2056 1628; x_wconf 81' lang='lat' dir='ltr'>cotum</span> <span class='ocrx_word' id='word_1_100' title='bbox 2074 1583 2136 1646; x_wconf 84' lang='lat' dir='ltr'>pro</span> <span class='ocrx_word' id='word_1_101' title='bbox 2160 1559 2264 1624; x_wconf 59' lang='lat' dir='ltr'>leubus·</span> 
     </span>
     <span class='ocr_line' id='line_1_9' title="bbox 455 1666 2264 1758; baseline -0.005 -22"><span class='ocrx_word' id='word_1_102' title='bbox 455 1679 494 1736; x_wconf 81' lang='lat' dir='ltr'>ut</span> <span class='ocrx_word' id='word_1_103' title='bbox 515 1673 641 1736; x_wconf 74' lang='lat' dir='ltr'>rabant</span> <span class='ocrx_word' id='word_1_104' title='bbox 663 1671 709 1736; x_wconf 83' lang='lat' dir='ltr'>sic</span> <span class='ocrx_word' id='word_1_105' title='bbox 731 1671 837 1754; x_wconf 81' lang='lat' dir='ltr'>facito.</span> <span class='ocrx_word' id='word_1_106' title='bbox 874 1673 978 1736; x_wconf 74' lang='lat' dir='ltr'>Morti</span> <span class='ocrx_word' id='word_1_107' title='bbox 999 1675 1124 1736; x_wconf 78' lang='lat' dir='ltr'>silvano</span> <span class='ocrx_word' id='word_1_108' title='bbox 1144 1673 1179 1735; x_wconf 81' lang='lat' dir='ltr'>r&#39;n</span> <span class='ocrx_word' id='word_1_109' title='bbox 1203 1673 1286 1734; x_wconf 79' lang='lat' dir='ltr'>siloc</span> <span class='ocrx_word' id='word_1_110' title='bbox 1308 1673 1343 1734; x_wconf 79' lang='lat' dir='ltr'>r&#39;n</span> <span class='ocrx_word' id='word_1_111' title='bbox 1368 1674 1474 1756; x_wconf 80' lang='lat' dir='ltr'>capilo</span> <span class='ocrx_word' id='word_1_112' title='bbox 1499 1675 1629 1758; x_wconf 73' lang='lat' dir='ltr'>singulo</span> <span class='ocrx_word' id='word_1_113' title='bbox 1652 1674 1747 1737; x_wconf 66' lang='lat' dir='ltr'>muru</span> <span class='ocrx_word' id='word_1_114' title='bbox 1777 1679 1886 1736; x_wconf 76' lang='lat' dir='ltr'>cotom</span> <span class='ocrx_word' id='word_1_115' title='bbox 1903 1671 2009 1753; x_wconf 79' lang='lat' dir='ltr'>facito,</span> <span class='ocrx_word' id='word_1_116' title='bbox 2032 1668 2134 1751; x_wconf 78' lang='lat' dir='ltr'>furris</span> <span class='ocrx_word' id='word_1_117' title='bbox 2155 1666 2264 1730; x_wconf 77' lang='lat' dir='ltr'>adorei</span> 
     </span>
     <span class='ocr_line' id='line_1_10' title="bbox 456 1773 2263 1863; baseline -0.004 -21"><span class='ocrx_word' id='word_1_118' title='bbox 456 1779 555 1842; x_wconf 84' lang='lat' dir='ltr'>libras</span> <span class='ocrx_word' id='word_1_119' title='bbox 579 1778 646 1841; x_wconf 87' lang='grc' dir='ltr'><em>ΙΙΙ.</em></span> <span class='ocrx_word' id='word_1_120' title='bbox 677 1783 706 1841; x_wconf 82' lang='lat' dir='ltr'>ct</span> <span class='ocrx_word' id='word_1_121' title='bbox 733 1778 817 1840; x_wconf 72' lang='lat' dir='ltr'>torui·</span> <span class='ocrx_word' id='word_1_122' title='bbox 834 1801 869 1863; x_wconf 80' lang='lat' dir='ltr'>p.</span> <span class='ocrx_word' id='word_1_123' title='bbox 896 1780 983 1844; x_wconf 86' lang='lat' dir='ltr'><em>IIII.</em></span> <span class='ocrx_word' id='word_1_124' title='bbox 1009 1801 1034 1842; x_wconf 86' lang='lat' dir='ltr'>s.</span> <span class='ocrx_word' id='word_1_125' title='bbox 1061 1783 1089 1841; x_wconf 83' lang='lat' dir='ltr'>ct</span> <span class='ocrx_word' id='word_1_126' title='bbox 1107 1779 1228 1861; x_wconf 73' lang='lat' dir='ltr'>pulpvoa</span> <span class='ocrx_word' id='word_1_127' title='bbox 1246 1800 1280 1861; x_wconf 83' lang='lat' dir='ltr'>p.</span> <span class='ocrx_word' id='word_1_128' title='bbox 1308 1778 1394 1842; x_wconf 86' lang='lat' dir='ltr'><em>IIII.</em></span> <span class='ocrx_word' id='word_1_129' title='bbox 1420 1801 1446 1842; x_wconf 85' lang='lat' dir='ltr'>s.</span> <span class='ocrx_word' id='word_1_130' title='bbox 1471 1781 1544 1844; x_wconf 76' lang='lat' dir='ltr'>rv&#39;ni</span> <span class='ocrx_word' id='word_1_131' title='bbox 1565 1781 1719 1844; x_wconf 78' lang='lat' dir='ltr'>sectarios</span> <span class='ocrx_word' id='word_1_132' title='bbox 1742 1779 1808 1842; x_wconf 88' lang='grc' dir='ltr'><em>ΙΙΙ.</em></span> <span class='ocrx_word' id='word_1_133' title='bbox 1851 1779 1884 1841; x_wconf 84' lang='lat' dir='ltr'>id</span> <span class='ocrx_word' id='word_1_134' title='bbox 1906 1778 1944 1840; x_wconf 78' lang='lat' dir='ltr'>in</span> <span class='ocrx_word' id='word_1_135' title='bbox 1966 1797 2073 1839; x_wconf 82' lang='lat' dir='ltr'>unurn</span> <span class='ocrx_word' id='word_1_136' title='bbox 2095 1795 2152 1838; x_wconf 79' lang='lat' dir='ltr'>cus</span> <span class='ocrx_word' id='word_1_137' title='bbox 2176 1773 2263 1836; x_wconf 83' lang='lat' dir='ltr'>liceto</span> 
     </span>
     <span class='ocr_line' id='line_1_11' title="bbox 455 1878 2263 1950; baseline -0.004 -1"><span class='ocrx_word' id='word_1_138' title='bbox 455 1885 569 1949; x_wconf 80' lang='lat' dir='ltr'>coicere</span> <span class='ocrx_word' id='word_1_139' title='bbox 592 1890 622 1948; x_wconf 85' lang='lat' dir='ltr'>et</span> <span class='ocrx_word' id='word_1_140' title='bbox 650 1885 766 1948; x_wconf 78' lang='lat' dir='ltr'>rr&#39;num</span> <span class='ocrx_word' id='word_1_141' title='bbox 788 1885 865 1948; x_wconf 76' lang='lat' dir='ltr'>itam</span> <span class='ocrx_word' id='word_1_142' title='bbox 887 1887 922 1949; x_wconf 76' lang='lat' dir='ltr'>in</span> <span class='ocrx_word' id='word_1_143' title='bbox 947 1907 1053 1950; x_wconf 49' lang='lat' dir='ltr'>*uvarino</span> <span class='ocrx_word' id='word_1_144' title='bbox 1077 1905 1134 1947; x_wconf 77' lang='lat' dir='ltr'>rus</span> <span class='ocrx_word' id='word_1_145' title='bbox 1158 1884 1244 1948; x_wconf 74' lang='lat' dir='ltr'>liceto</span> <span class='ocrx_word' id='word_1_146' title='bbox 1266 1884 1389 1948; x_wconf 82' lang='lat' dir='ltr'>coicere.</span> <span class='ocrx_word' id='word_1_147' title='bbox 1438 1906 1508 1948; x_wconf 80' lang='lat' dir='ltr'>cunr</span> <span class='ocrx_word' id='word_1_148' title='bbox 1531 1908 1599 1950; x_wconf 76' lang='lat' dir='ltr'>rena</span> <span class='ocrx_word' id='word_1_149' title='bbox 1620 1886 1768 1950; x_wconf 70' lang='lat' dir='ltr'>divinam</span> <span class='ocrx_word' id='word_1_150' title='bbox 1791 1885 1839 1947; x_wconf 77' lang='lat' dir='ltr'>vel</span> <span class='ocrx_word' id='word_1_151' title='bbox 1860 1905 1971 1946; x_wconf 70' lang='lat' dir='ltr'>senous</span> <span class='ocrx_word' id='word_1_152' title='bbox 1993 1883 2042 1946; x_wconf 81' lang='lat' dir='ltr'>cel</span> <span class='ocrx_word' id='word_1_153' title='bbox 2062 1881 2141 1944; x_wconf 76' lang='lat' dir='ltr'>liber·</span> <span class='ocrx_word' id='word_1_154' title='bbox 2164 1878 2263 1942; x_wconf 77' lang='lat' dir='ltr'>licebit</span> 
     </span>
     <span class='ocr_line' id='line_1_12' title="bbox 455 1988 2264 2075; baseline -0.004 -21"><span class='ocrx_word' id='word_1_155' title='bbox 455 1991 563 2075; x_wconf 75' lang='lat' dir='ltr'>fam‘ut.</span> <span class='ocrx_word' id='word_1_156' title='bbox 599 1991 657 2054; x_wconf 70' lang='lat' dir='ltr'>aba·</span> <span class='ocrx_word' id='word_1_157' title='bbox 678 2013 729 2054; x_wconf 83' lang='lat' dir='ltr'>res</span> <span class='ocrx_word' id='word_1_158' title='bbox 748 1991 862 2055; x_wconf 77' lang='lat' dir='ltr'>diuina</span> <span class='ocrx_word' id='word_1_159' title='bbox 883 1993 969 2075; x_wconf 78' lang='lat' dir='ltr'>focio</span> <span class='ocrx_word' id='word_1_160' title='bbox 992 1992 1060 2072; x_wconf 78' lang='lat' dir='ltr'>crit,</span> <span class='ocrx_word' id='word_1_161' title='bbox 1083 1991 1192 2054; x_wconf 70' lang='lat' dir='ltr'>..viuum</span> <span class='ocrx_word' id='word_1_162' title='bbox 1215 1989 1332 2054; x_wconf 64' lang='lat' dir='ltr'>abidon</span> <span class='ocrx_word' id='word_1_163' title='bbox 1353 1993 1539 2055; x_wconf 69' lang='lat' dir='ltr'>resumito.</span> <span class='ocrx_word' id='word_1_164' title='bbox 1580 1993 1720 2056; x_wconf 73' lang='lat' dir='ltr'>inridier</span> <span class='ocrx_word' id='word_1_165' title='bbox 1742 1993 1789 2056; x_wconf 85' lang='lat' dir='ltr'>ud</span> <span class='ocrx_word' id='word_1_166' title='bbox 1811 2013 1889 2054; x_wconf 80' lang='lat' dir='ltr'>corn</span> <span class='ocrx_word' id='word_1_167' title='bbox 1911 2012 1988 2053; x_wconf 79' lang='lat' dir='ltr'>ravo</span> <span class='ocrx_word' id='word_1_168' title='bbox 2018 1988 2190 2050; x_wconf 60' lang='lat' dir='ltr'>danuam</span> <span class='ocrx_word' id='word_1_169' title='bbox 2219 2005 2264 2046; x_wconf 84' lang='lat' dir='ltr'>no</span> 
     </span>
     <span class='ocr_line' id='line_1_13' title="bbox 452 2095 2262 2182; baseline -0.005 -20"><span class='ocrx_word' id='word_1_170' title='bbox 452 2099 556 2162; x_wconf 79' lang='lat' dir='ltr'>adsit</span> <span class='ocrx_word' id='word_1_171' title='bbox 575 2119 665 2162; x_wconf 74' lang='lat' dir='ltr'>reeca</span> <span class='ocrx_word' id='word_1_172' title='bbox 687 2098 814 2162; x_wconf 78' lang='lat' dir='ltr'>videat</span> <span class='ocrx_word' id='word_1_173' title='bbox 835 2099 1016 2180; x_wconf 79' lang='lat' dir='ltr'>quomodo</span> <span class='ocrx_word' id='word_1_174' title='bbox 1038 2096 1122 2179; x_wconf 78' lang='lat' dir='ltr'>fiat.</span> <span class='ocrx_word' id='word_1_175' title='bbox 1163 2096 1220 2158; x_wconf 83' lang='lat' dir='ltr'>boc</span> <span class='ocrx_word' id='word_1_176' title='bbox 1234 2101 1343 2158; x_wconf 72' lang='lat' dir='ltr'>uotum</span> <span class='ocrx_word' id='word_1_177' title='bbox 1358 2097 1396 2160; x_wconf 74' lang='lat' dir='ltr'>in</span> <span class='ocrx_word' id='word_1_178' title='bbox 1411 2118 1515 2161; x_wconf 80' lang='lat' dir='ltr'>armos</span> <span class='ocrx_word' id='word_1_179' title='bbox 1537 2099 1680 2182; x_wconf 62' lang='lat' dir='ltr'>srssrrpulos</span> <span class='ocrx_word' id='word_1_180' title='bbox 1701 2097 1807 2166; x_wconf 73' lang='lat' dir='ltr'>,licebit</span> <span class='ocrx_word' id='word_1_181' title='bbox 1827 2117 1944 2161; x_wconf 82' lang='lat' dir='ltr'>nocero.</span> <span class='ocrx_word' id='word_1_182' title='bbox 1986 2101 2034 2160; x_wconf 86' lang='lat' dir='ltr'>est</span> <span class='ocrx_word' id='word_1_183' title='bbox 2052 2095 2112 2156; x_wconf 90' lang='lat' dir='ltr'>hoc</span> <span class='ocrx_word' id='word_1_184' title='bbox 2136 2111 2262 2155; x_wconf 89' lang='lat' dir='ltr'>sacrum</span> 
     </span>
    </p>
   </div>
   <div class='ocr_carea' id='block_1_3' title="bbox 454 2198 2358 2288">
    <p class='ocr_par' dir='ltr' id='par_1_3' title="bbox 454 2198 2358 2288">
     <span class='ocr_line' id='line_1_14' title="bbox 454 2198 2358 2288; baseline -0.004 -21"><span class='ocrx_word' id='word_1_185' title='bbox 454 2224 473 2267; x_wconf 92' lang='lat' dir='ltr'>e</span> <span class='ocrx_word' id='word_1_186' title='bbox 489 2223 606 2288; x_wconf 89' lang='lat' dir='ltr'>genere</span> <span class='ocrx_word' id='word_1_187' title='bbox 620 2223 785 2268; x_wconf 88' lang='lat' dir='ltr'>sacrorum</span> <span class='ocrx_word' id='word_1_188' title='bbox 798 2206 1007 2288; x_wconf 75' lang='lat' dir='ltr'>privatorum,</span> <span class='ocrx_word' id='word_1_189' title='bbox 1020 2222 1101 2285; x_wconf 93' lang='lat' dir='ltr'>quae</span> <span class='ocrx_word' id='word_1_190' title='bbox 1114 2209 1204 2286; x_wconf 90' lang='lat' dir='ltr'>pater</span> <span class='ocrx_word' id='word_1_191' title='bbox 1217 2201 1355 2266; x_wconf 85' lang='lat' dir='ltr'>familias</span> <span class='ocrx_word' id='word_1_192' title='bbox 1368 2209 1423 2266; x_wconf 91' lang='lat' dir='ltr'>aut</span> <span class='ocrx_word' id='word_1_193' title='bbox 1437 2205 1506 2286; x_wconf 91' lang='lat' dir='ltr'>ipse</span> <span class='ocrx_word' id='word_1_194' title='bbox 1519 2204 1595 2268; x_wconf 85' lang='lat' dir='ltr'>facit</span> <span class='ocrx_word' id='word_1_195' title='bbox 1606 2206 1785 2268; x_wconf 88' lang='lat' dir='ltr'>instituitve</span> <span class='ocrx_word' id='word_1_196' title='bbox 1798 2209 1852 2267; x_wconf 91' lang='lat' dir='ltr'>aut</span> <span class='ocrx_word' id='word_1_197' title='bbox 1868 2209 1904 2266; x_wconf 93' lang='lat' dir='ltr'>ut</span> <span class='ocrx_word' id='word_1_198' title='bbox 1916 2206 2030 2266; x_wconf 90' lang='lat' dir='ltr'>curent</span> <span class='ocrx_word' id='word_1_199' title='bbox 2043 2201 2098 2283; x_wconf 91' lang='lat' dir='ltr'>qui</span> <span class='ocrx_word' id='word_1_200' title='bbox 2110 2198 2264 2262; x_wconf 87' lang='lat' dir='ltr'>familiam</span> <span class='ocrx_word' id='word_1_201' title='bbox 2354 2217 2358 2234; x_wconf 89' lang='grc'><em>·</em></span> 
     </span>
    </p>
   </div>
   <div class='ocr_carea' id='block_1_4' title="bbox 454 2304 2268 5480">
    <p class='ocr_par' dir='ltr' id='par_1_4' title="bbox 454 2304 2266 4622">
     <span class='ocr_line' id='line_1_15' title="bbox 454 2304 2265 2394; baseline -0.004 -21"><span class='ocrx_word' id='word_1_202' title='bbox 454 2310 610 2392; x_wconf 84' lang='lat' dir='ltr'>efficiunt,</span> <span class='ocrx_word' id='word_1_203' title='bbox 626 2329 711 2374; x_wconf 85' lang='lat' dir='ltr'>uxor</span> <span class='ocrx_word' id='word_1_204' title='bbox 725 2309 818 2374; x_wconf 90' lang='lat' dir='ltr'>liberi</span> <span class='ocrx_word' id='word_1_205' title='bbox 841 2311 935 2390; x_wconf 75' lang='lat' dir='ltr'>servi,</span> <span class='ocrx_word' id='word_1_206' title='bbox 957 2311 1092 2392; x_wconf 86' lang='lat' dir='ltr'>imperat</span> <span class='ocrx_word' id='word_1_207' title='bbox 1116 2307 1207 2372; x_wconf 90' lang='lat' dir='ltr'>iubet</span> <span class='ocrx_word' id='word_1_208' title='bbox 1238 2308 1386 2371; x_wconf 89' lang='lat' dir='ltr'>mandat:</span> <span class='ocrx_word' id='word_1_209' title='bbox 1410 2309 1489 2372; x_wconf 88' lang='lat' dir='ltr'>haec</span> <span class='ocrx_word' id='word_1_210' title='bbox 1513 2312 1599 2374; x_wconf 89' lang='lat' dir='ltr'>enirn</span> <span class='ocrx_word' id='word_1_211' title='bbox 1621 2314 1749 2394; x_wconf 89' lang='lat' dir='ltr'>propria</span> <span class='ocrx_word' id='word_1_212' title='bbox 1772 2317 1848 2374; x_wconf 89' lang='lat' dir='ltr'>suut</span> <span class='ocrx_word' id='word_1_213' title='bbox 1870 2307 1978 2389; x_wconf 80' lang='lat' dir='ltr'>verba,</span> <span class='ocrx_word' id='word_1_214' title='bbox 2002 2304 2119 2390; x_wconf 91' lang='lat' dir='ltr'>quibus</span> <span class='ocrx_word' id='word_1_215' title='bbox 2142 2307 2195 2367; x_wconf 90' lang='lat' dir='ltr'>ius</span> <span class='ocrx_word' id='word_1_216' title='bbox 2218 2304 2265 2366; x_wconf 94' lang='lat' dir='ltr'>rei</span> 
     </span>
     <span class='ocr_line' id='line_1_16' title="bbox 456 2412 2265 2500; baseline -0.005 -20"><span class='ocrx_word' id='word_1_217' title='bbox 456 2418 585 2480; x_wconf 88' lang='lat' dir='ltr'>divinae</span> <span class='ocrx_word' id='word_1_218' title='bbox 620 2417 707 2480; x_wconf 90' lang='lat' dir='ltr'>domi</span> <span class='ocrx_word' id='word_1_219' title='bbox 740 2415 910 2480; x_wconf 88' lang='lat' dir='ltr'>faciundae</span> <span class='ocrx_word' id='word_1_220' title='bbox 952 2415 992 2478; x_wconf 92' lang='lat' dir='ltr'>ab</span> <span class='ocrx_word' id='word_1_221' title='bbox 1026 2415 1259 2498; x_wconf 89' lang='lat' dir='ltr'>antiquissimis</span> <span class='ocrx_word' id='word_1_222' title='bbox 1293 2415 1367 2477; x_wconf 91' lang='lat' dir='ltr'>iude</span> <span class='ocrx_word' id='word_1_223' title='bbox 1400 2417 1596 2500; x_wconf 82' lang='lat' dir='ltr'>temporibus</span> <span class='ocrx_word' id='word_1_224' title='bbox 1626 2418 1904 2500; x_wconf 90' lang='lat' dir='ltr'>circumscriptum</span> <span class='ocrx_word' id='word_1_225' title='bbox 1931 2419 1987 2478; x_wconf 90' lang='lat' dir='ltr'>est.</span> <span class='ocrx_word' id='word_1_226' title='bbox 2036 2413 2134 2476; x_wconf 91' lang='lat' dir='ltr'>huius</span> <span class='ocrx_word' id='word_1_227' title='bbox 2164 2412 2265 2493; x_wconf 89' lang='lat' dir='ltr'>igitur</span> 
     </span>
     <span class='ocr_line' id='line_1_17' title="bbox 457 2515 2264 2606; baseline -0.006 -18"><span class='ocrx_word' id='word_1_228' title='bbox 457 2526 539 2588; x_wconf 86' lang='lat' dir='ltr'>sacri</span> <span class='ocrx_word' id='word_1_229' title='bbox 562 2524 615 2586; x_wconf 83' lang='lat' dir='ltr'>lex</span> <span class='ocrx_word' id='word_1_230' title='bbox 639 2542 715 2584; x_wconf 88' lang='lat' dir='ltr'>cum</span> <span class='ocrx_word' id='word_1_231' title='bbox 738 2522 884 2606; x_wconf 88' lang='lat' dir='ltr'>bipertita</span> <span class='ocrx_word' id='word_1_232' title='bbox 907 2523 957 2602; x_wconf 74' lang='lat' dir='ltr'>sit,</span> <span class='ocrx_word' id='word_1_233' title='bbox 979 2521 1115 2584; x_wconf 90' lang='lat' dir='ltr'>alterum</span> <span class='ocrx_word' id='word_1_234' title='bbox 1139 2522 1208 2584; x_wconf 90' lang='lat' dir='ltr'>eius</span> <span class='ocrx_word' id='word_1_235' title='bbox 1231 2527 1341 2604; x_wconf 89' lang='lat' dir='ltr'>caput,</span> <span class='ocrx_word' id='word_1_236' title='bbox 1370 2543 1433 2605; x_wconf 91' lang='lat' dir='ltr'>quo</span> <span class='ocrx_word' id='word_1_237' title='bbox 1457 2529 1542 2586; x_wconf 87' lang='lat' dir='ltr'>certa</span> <span class='ocrx_word' id='word_1_238' title='bbox 1564 2524 1730 2586; x_wconf 91' lang='lat' dir='ltr'>homiuum</span> <span class='ocrx_word' id='word_1_239' title='bbox 1755 2542 1873 2606; x_wconf 90' lang='lat' dir='ltr'>genera</span> <span class='ocrx_word' id='word_1_240' title='bbox 1900 2519 2111 2599; x_wconf 80' lang='lat' dir='ltr'>definiuntur,</span> <span class='ocrx_word' id='word_1_241' title='bbox 2144 2515 2264 2599; x_wconf 88' lang='lat' dir='ltr'>quibus</span> 
     </span>
     <span class='ocr_line' id='line_1_18' title="bbox 457 2622 2266 2708; baseline -0.006 -14"><span class='ocrx_word' id='word_1_242' title='bbox 457 2631 506 2694; x_wconf 90' lang='lat' dir='ltr'>rei</span> <span class='ocrx_word' id='word_1_243' title='bbox 531 2630 658 2692; x_wconf 90' lang='lat' dir='ltr'>divinae</span> <span class='ocrx_word' id='word_1_244' title='bbox 681 2628 848 2691; x_wconf 89' lang='lat' dir='ltr'>faciundae</span> <span class='ocrx_word' id='word_1_245' title='bbox 873 2648 982 2691; x_wconf 92' lang='lat' dir='ltr'>curam</span> <span class='ocrx_word' id='word_1_246' title='bbox 1008 2627 1199 2691; x_wconf 86' lang='lat' dir='ltr'>demandare</span> <span class='ocrx_word' id='word_1_247' title='bbox 1222 2628 1317 2692; x_wconf 89' lang='lat' dir='ltr'>liceat</span> <span class='ocrx_word' id='word_1_248' title='bbox 1338 2629 1373 2692; x_wconf 92' lang='lat' dir='ltr'>in</span> <span class='ocrx_word' id='word_1_249' title='bbox 1397 2630 1532 2694; x_wconf 88' lang='lat' dir='ltr'>aliorum</span> <span class='ocrx_word' id='word_1_250' title='bbox 1557 2649 1719 2693; x_wconf 90' lang='lat' dir='ltr'>sacrorum</span> <span class='ocrx_word' id='word_1_251' title='bbox 1745 2629 1993 2692; x_wconf 88' lang='lat' dir='ltr'>domesticorum</span> <span class='ocrx_word' id='word_1_252' title='bbox 2019 2623 2144 2708; x_wconf 85' lang='lat' dir='ltr'>legibus</span> <span class='ocrx_word' id='word_1_253' title='bbox 2173 2622 2266 2686; x_wconf 87' lang='lat' dir='ltr'>aliter</span> 
     </span>
     <span class='ocr_line' id='line_1_19' title="bbox 457 2732 2266 2819; baseline -0.003 -19"><span class='ocrx_word' id='word_1_254' title='bbox 457 2741 648 2819; x_wconf 88' lang='lat' dir='ltr'>conceptum</span> <span class='ocrx_word' id='word_1_255' title='bbox 666 2734 767 2797; x_wconf 90' lang='lat' dir='ltr'>fuisse</span> <span class='ocrx_word' id='word_1_256' title='bbox 791 2739 1043 2798; x_wconf 89' lang='lat' dir='ltr'>consentaneum</span> <span class='ocrx_word' id='word_1_257' title='bbox 1068 2739 1133 2812; x_wconf 89' lang='lat' dir='ltr'>est;</span> <span class='ocrx_word' id='word_1_258' title='bbox 1155 2735 1297 2818; x_wconf 84' lang='lat' dir='ltr'>exempli</span> <span class='ocrx_word' id='word_1_259' title='bbox 1321 2754 1419 2799; x_wconf 87' lang='lat' dir='ltr'>causa</span> <span class='ocrx_word' id='word_1_260' title='bbox 1443 2736 1528 2819; x_wconf 89' lang='lat' dir='ltr'>apud</span> <span class='ocrx_word' id='word_1_261' title='bbox 1551 2738 1689 2801; x_wconf 87' lang='lat' dir='ltr'>eundem</span> <span class='ocrx_word' id='word_1_262' title='bbox 1707 2736 1858 2800; x_wconf 80' lang='lat' dir='ltr'>Catonern</span> <span class='ocrx_word' id='word_1_263' title='bbox 1879 2735 1992 2798; x_wconf 92' lang='lat' dir='ltr'>vilicae</span> <span class='ocrx_word' id='word_1_264' title='bbox 2010 2732 2206 2816; x_wconf 86' lang='lat' dir='ltr'>permittitur</span> <span class='ocrx_word' id='word_1_265' title='bbox 2228 2735 2266 2794; x_wconf 87' lang='lat' dir='ltr'>ut</span> 
     </span>
     <span class='ocr_line' id='line_1_20' title="bbox 457 2837 2265 2926; baseline -0.004 -19"><span class='ocrx_word' id='word_1_266' title='bbox 457 2843 531 2908; x_wconf 90' lang='lat' dir='ltr'>Lari</span> <span class='ocrx_word' id='word_1_267' title='bbox 547 2842 695 2906; x_wconf 86' lang='lat' dir='ltr'>familiari</span> <span class='ocrx_word' id='word_1_268' title='bbox 711 2841 807 2904; x_wconf 88' lang='lat' dir='ltr'>certis</span> <span class='ocrx_word' id='word_1_269' title='bbox 831 2840 944 2904; x_wconf 90' lang='lat' dir='ltr'>diebus</span> <span class='ocrx_word' id='word_1_270' title='bbox 967 2842 1060 2904; x_wconf 89' lang='lat' dir='ltr'>iussu</span> <span class='ocrx_word' id='word_1_271' title='bbox 1084 2840 1206 2902; x_wconf 91' lang='lat' dir='ltr'>domini</span> <span class='ocrx_word' id='word_1_272' title='bbox 1228 2841 1423 2906; x_wconf 88' lang='lat' dir='ltr'>mandatuve</span> <span class='ocrx_word' id='word_1_273' title='bbox 1447 2861 1596 2906; x_wconf 89' lang='lat' dir='ltr'>coronam</span> <span class='ocrx_word' id='word_1_274' title='bbox 1619 2845 1653 2907; x_wconf 92' lang='lat' dir='ltr'>in</span> <span class='ocrx_word' id='word_1_275' title='bbox 1678 2845 1748 2907; x_wconf 89' lang='lat' dir='ltr'>foco</span> <span class='ocrx_word' id='word_1_276' title='bbox 1770 2849 1869 2926; x_wconf 90' lang='lat' dir='ltr'>ponat</span> <span class='ocrx_word' id='word_1_277' title='bbox 1892 2840 2102 2924; x_wconf 82' lang='lat' dir='ltr'>supplicetve3</span> <span class='ocrx_word' id='word_1_278' title='bbox 2128 2837 2265 2900; x_wconf 88' lang='lat' dir='ltr'>alterurn</span> 
     </span>
     <span class='ocr_line' id='line_1_21' title="bbox 457 2943 2266 3044; baseline -0.003 -32"><span class='ocrx_word' id='word_1_279' title='bbox 457 2954 554 3033; x_wconf 89' lang='lat' dir='ltr'>caput</span> <span class='ocrx_word' id='word_1_280' title='bbox 582 2948 667 3030; x_wconf 90' lang='lat' dir='ltr'>qnod</span> <span class='ocrx_word' id='word_1_281' title='bbox 691 2952 740 3011; x_wconf 89' lang='lat' dir='ltr'>est</span> <span class='ocrx_word' id='word_1_282' title='bbox 763 2948 801 3011; x_wconf 92' lang='lat' dir='ltr'>de</span> <span class='ocrx_word' id='word_1_283' title='bbox 825 2967 937 3011; x_wconf 90' lang='lat' dir='ltr'>eorum</span> <span class='ocrx_word' id='word_1_284' title='bbox 959 2948 1029 3010; x_wconf 92' lang='lat' dir='ltr'>iure</span> <span class='ocrx_word' id='word_1_285' title='bbox 1054 2944 1172 3028; x_wconf 89' lang='lat' dir='ltr'>quibus</span> <span class='ocrx_word' id='word_1_286' title='bbox 1195 2965 1285 3010; x_wconf 90' lang='lat' dir='ltr'>sacro</span> <span class='ocrx_word' id='word_1_287' title='bbox 1313 2949 1469 3012; x_wconf 90' lang='lat' dir='ltr'>interesse</span> <span class='ocrx_word' id='word_1_288' title='bbox 1498 2950 1619 3029; x_wconf 85' lang='lat' dir='ltr'>liceret,</span> <span class='ocrx_word' id='word_1_289' title='bbox 1654 2971 1694 3014; x_wconf 89' lang='lat' dir='ltr'>an</span> <span class='ocrx_word' id='word_1_290' title='bbox 1721 2953 1756 3013; x_wconf 92' lang='lat' dir='ltr'>iu</span> <span class='ocrx_word' id='word_1_291' title='bbox 1785 2949 1966 3012; x_wconf 88' lang='lat' dir='ltr'>domesticis</span> <span class='ocrx_word' id='word_1_292' title='bbox 1993 2945 2092 3010; x_wconf 89' lang='lat' dir='ltr'>sacris</span> <span class='ocrx_word' id='word_1_293' title='bbox 2118 2943 2266 3044; x_wconf 80' lang='lat' dir='ltr'>similiter</span> 
     </span>
     <span class='ocr_line' id='line_1_22' title="bbox 456 3050 2264 3138; baseline -0.001 -20"><span class='ocrx_word' id='word_1_294' title='bbox 456 3057 618 3118; x_wconf 89' lang='lat' dir='ltr'>variatum</span> <span class='ocrx_word' id='word_1_295' title='bbox 642 3055 739 3117; x_wconf 86' lang='lat' dir='ltr'>fuerit</span> <span class='ocrx_word' id='word_1_296' title='bbox 761 3056 957 3137; x_wconf 68' lang='lat' dir='ltr'>ignoramus</span> <span class='ocrx_word' id='word_1_297' title='bbox 981 3055 1015 3115; x_wconf 92' lang='lat' dir='ltr'>in</span> <span class='ocrx_word' id='word_1_298' title='bbox 1038 3050 1177 3136; x_wconf 87' lang='lat' dir='ltr'>publicis</span> <span class='ocrx_word' id='word_1_299' title='bbox 1200 3053 1359 3118; x_wconf 89' lang='lat' dir='ltr'>variatum</span> <span class='ocrx_word' id='word_1_300' title='bbox 1384 3074 1453 3118; x_wconf 90' lang='lat' dir='ltr'>esse</span> <span class='ocrx_word' id='word_1_301' title='bbox 1476 3061 1541 3118; x_wconf 90' lang='lat' dir='ltr'>tam</span> <span class='ocrx_word' id='word_1_302' title='bbox 1565 3057 1707 3119; x_wconf 87' lang='lat' dir='ltr'>carmine</span> <span class='ocrx_word' id='word_1_303' title='bbox 1729 3056 1794 3135; x_wconf 83' lang='lat' dir='ltr'>illo,</span> <span class='ocrx_word' id='word_1_304' title='bbox 1817 3055 1904 3138; x_wconf 92' lang='lat' dir='ltr'>quod</span> <span class='ocrx_word' id='word_1_305' title='bbox 1925 3075 1944 3116; x_wconf 90' lang='lat' dir='ltr'>a</span> <span class='ocrx_word' id='word_1_306' title='bbox 1963 3054 2073 3117; x_wconf 88' lang='lat' dir='ltr'>lictore</span> <span class='ocrx_word' id='word_1_307' title='bbox 2102 3056 2138 3116; x_wconf 90' lang='lat' dir='ltr'>in</span> <span class='ocrx_word' id='word_1_308' title='bbox 2164 3054 2264 3116; x_wconf 89' lang='lat' dir='ltr'>sacris</span> 
     </span>
     <span class='ocr_line' id='line_1_23' title="bbox 457 3156 2263 3246; baseline -0.004 -21"><span class='ocrx_word' id='word_1_309' title='bbox 457 3161 597 3245; x_wconf 88' lang='lat' dir='ltr'>publicis</span> <span class='ocrx_word' id='word_1_310' title='bbox 626 3161 734 3223; x_wconf 90' lang='lat' dir='ltr'>nescio</span> <span class='ocrx_word' id='word_1_311' title='bbox 767 3159 886 3238; x_wconf 91' lang='lat' dir='ltr'>quibus</span> <span class='ocrx_word' id='word_1_312' title='bbox 915 3156 1195 3242; x_wconf 74' lang='lat' dir='ltr'>pronuntiabatur,</span> <span class='ocrx_word' id='word_1_313' title='bbox 1228 3178 1325 3240; x_wconf 87' lang='lat' dir='ltr'>quam</span> <span class='ocrx_word' id='word_1_314' title='bbox 1348 3161 1418 3246; x_wconf 89' lang='lat' dir='ltr'>lege</span> <span class='ocrx_word' id='word_1_315' title='bbox 1442 3163 1523 3224; x_wconf 90' lang='lat' dir='ltr'>sacri</span> <span class='ocrx_word' id='word_1_316' title='bbox 1546 3162 1656 3226; x_wconf 90' lang='lat' dir='ltr'>Bonae</span> <span class='ocrx_word' id='word_1_317' title='bbox 1681 3162 1759 3225; x_wconf 90' lang='lat' dir='ltr'>deae</span> <span class='ocrx_word' id='word_1_318' title='bbox 1783 3162 1956 3224; x_wconf 89' lang='lat' dir='ltr'>constituta</span> <span class='ocrx_word' id='word_1_319' title='bbox 1980 3161 2136 3224; x_wconf 88' lang='lat' dir='ltr'>novimus.</span> <span class='ocrx_word' id='word_1_320' title='bbox 2177 3159 2263 3240; x_wconf 91' lang='lat' dir='ltr'>quod</span> 
     </span>
     <span class='ocr_line' id='line_1_24' title="bbox 458 3264 2263 3350; baseline -0.002 -21"><span class='ocrx_word' id='word_1_321' title='bbox 458 3272 555 3350; x_wconf 91' lang='lat' dir='ltr'>caput</span> <span class='ocrx_word' id='word_1_322' title='bbox 581 3285 646 3329; x_wconf 90' lang='lat' dir='ltr'>non</span> <span class='ocrx_word' id='word_1_323' title='bbox 678 3266 719 3326; x_wconf 89' lang='lat' dir='ltr'>ad</span> <span class='ocrx_word' id='word_1_324' title='bbox 747 3265 832 3328; x_wconf 91' lang='lat' dir='ltr'>solos</span> <span class='ocrx_word' id='word_1_325' title='bbox 859 3265 1006 3328; x_wconf 89' lang='lat' dir='ltr'>homines</span> <span class='ocrx_word' id='word_1_326' title='bbox 1041 3285 1154 3328; x_wconf 91' lang='lat' dir='ltr'>verum</span> <span class='ocrx_word' id='word_1_327' title='bbox 1179 3265 1274 3326; x_wconf 90' lang='lat' dir='ltr'>etiam</span> <span class='ocrx_word' id='word_1_328' title='bbox 1298 3267 1338 3330; x_wconf 86' lang='lat' dir='ltr'>ad</span> <span class='ocrx_word' id='word_1_329' title='bbox 1362 3267 1496 3347; x_wconf 80' lang='lat' dir='ltr'>bestias,</span> <span class='ocrx_word' id='word_1_330' title='bbox 1532 3273 1628 3350; x_wconf 92' lang='lat' dir='ltr'>atque</span> <span class='ocrx_word' id='word_1_331' title='bbox 1651 3269 1729 3330; x_wconf 87' lang='lat' dir='ltr'>adeo</span> <span class='ocrx_word' id='word_1_332' title='bbox 1754 3267 1794 3328; x_wconf 92' lang='lat' dir='ltr'>ad</span> <span class='ocrx_word' id='word_1_333' title='bbox 1818 3264 2025 3349; x_wconf 90' lang='lat' dir='ltr'>supellectilis</span> <span class='ocrx_word' id='word_1_334' title='bbox 2058 3284 2166 3329; x_wconf 89' lang='lat' dir='ltr'>sacrae</span> <span class='ocrx_word' id='word_1_335' title='bbox 2189 3283 2263 3326; x_wconf 91' lang='lat' dir='ltr'>con·</span> 
     </span>
     <span class='ocr_line' id='line_1_25' title="bbox 458 3370 2264 3457; baseline -0.002 -21"><span class='ocrx_word' id='word_1_336' title='bbox 458 3375 618 3436; x_wconf 86' lang='lat' dir='ltr'>dicionem</span> <span class='ocrx_word' id='word_1_337' title='bbox 663 3372 856 3454; x_wconf 88' lang='lat' dir='ltr'>pertinuisse</span> <span class='ocrx_word' id='word_1_338' title='bbox 901 3374 1047 3457; x_wconf 84' lang='lat' dir='ltr'>exempla</span> <span class='ocrx_word' id='word_1_339' title='bbox 1089 3392 1206 3436; x_wconf 88' lang='lat' dir='ltr'>canum</span> <span class='ocrx_word' id='word_1_340' title='bbox 1245 3380 1276 3437; x_wconf 92' lang='lat' dir='ltr'>et</span> <span class='ocrx_word' id='word_1_341' title='bbox 1316 3375 1475 3436; x_wconf 87' lang='lat' dir='ltr'>morticini</span> <span class='ocrx_word' id='word_1_342' title='bbox 1515 3393 1534 3436; x_wconf 91' lang='lat' dir='ltr'>a</span> <span class='ocrx_word' id='word_1_343' title='bbox 1573 3375 1671 3436; x_wconf 88' lang='lat' dir='ltr'>sacris</span> <span class='ocrx_word' id='word_1_344' title='bbox 1716 3372 1910 3455; x_wconf 89' lang='lat' dir='ltr'>quibusdam</span> <span class='ocrx_word' id='word_1_345' title='bbox 1953 3370 2132 3434; x_wconf 90' lang='lat' dir='ltr'>alienorum</span> <span class='ocrx_word' id='word_1_346' title='bbox 2179 3389 2264 3434; x_wconf 91' lang='lat' dir='ltr'>com-</span> 
     </span>
     <span class='ocr_line' id='line_1_26' title="bbox 458 3477 2264 3563; baseline -0.001 -21"><span class='ocrx_word' id='word_1_347' title='bbox 458 3482 647 3542; x_wconf 88' lang='lat' dir='ltr'>monstrant.</span> <span class='ocrx_word' id='word_1_348' title='bbox 697 3496 802 3559; x_wconf 90' lang='lat' dir='ltr'>neque</span> <span class='ocrx_word' id='word_1_349' title='bbox 825 3496 901 3540; x_wconf 91' lang='lat' dir='ltr'>vero</span> <span class='ocrx_word' id='word_1_350' title='bbox 926 3478 965 3541; x_wconf 93' lang='lat' dir='ltr'>de</span> <span class='ocrx_word' id='word_1_351' title='bbox 989 3479 1038 3542; x_wconf 89' lang='lat' dir='ltr'>his</span> <span class='ocrx_word' id='word_1_352' title='bbox 1065 3480 1162 3545; x_wconf 89' lang='lat' dir='ltr'>rebus</span> <span class='ocrx_word' id='word_1_353' title='bbox 1191 3481 1341 3546; x_wconf 87' lang='lat' dir='ltr'>omnibus</span> <span class='ocrx_word' id='word_1_354' title='bbox 1365 3487 1421 3544; x_wconf 86' lang='lat' dir='ltr'>aut</span> <span class='ocrx_word' id='word_1_355' title='bbox 1447 3481 1482 3541; x_wconf 91' lang='lat' dir='ltr'>in</span> <span class='ocrx_word' id='word_1_356' title='bbox 1509 3477 1638 3562; x_wconf 92' lang='lat' dir='ltr'>publico</span> <span class='ocrx_word' id='word_1_357' title='bbox 1662 3485 1717 3542; x_wconf 88' lang='lat' dir='ltr'>aut</span> <span class='ocrx_word' id='word_1_358' title='bbox 1745 3479 1832 3541; x_wconf 92' lang='lat' dir='ltr'>domi</span> <span class='ocrx_word' id='word_1_359' title='bbox 1856 3478 2066 3544; x_wconf 89' lang='lat' dir='ltr'>observandis</span> <span class='ocrx_word' id='word_1_360' title='bbox 2090 3499 2147 3563; x_wconf 88' lang='lat' dir='ltr'>pro</span> <span class='ocrx_word' id='word_1_361' title='bbox 2174 3479 2264 3542; x_wconf 91' lang='lat' dir='ltr'>libito</span> 
     </span>
     <span class='ocr_line' id='line_1_27' title="bbox 456 3583 2266 3670; baseline 0.001 -22"><span class='ocrx_word' id='word_1_362' title='bbox 456 3591 590 3649; x_wconf 89' lang='lat' dir='ltr'>cautum</span> <span class='ocrx_word' id='word_1_363' title='bbox 613 3583 714 3648; x_wconf 89' lang='lat' dir='ltr'>fuisse</span> <span class='ocrx_word' id='word_1_364' title='bbox 738 3583 794 3645; x_wconf 90' lang='lat' dir='ltr'>sed</span> <span class='ocrx_word' id='word_1_365' title='bbox 817 3585 936 3666; x_wconf 89' lang='lat' dir='ltr'>pariter</span> <span class='ocrx_word' id='word_1_366' title='bbox 958 3604 995 3647; x_wconf 91' lang='lat' dir='ltr'>ac</span> <span class='ocrx_word' id='word_1_367' title='bbox 1019 3585 1057 3650; x_wconf 89' lang='lat' dir='ltr'>de</span> <span class='ocrx_word' id='word_1_368' title='bbox 1079 3588 1252 3669; x_wconf 88' lang='lat' dir='ltr'>generibus</span> <span class='ocrx_word' id='word_1_369' title='bbox 1276 3589 1453 3651; x_wconf 86' lang='lat' dir='ltr'>hostiarum</span> <span class='ocrx_word' id='word_1_370' title='bbox 1477 3585 1659 3648; x_wconf 89' lang='lat' dir='ltr'>secundum</span> <span class='ocrx_word' id='word_1_371' title='bbox 1673 3605 1819 3648; x_wconf 89' lang='lat' dir='ltr'>normam</span> <span class='ocrx_word' id='word_1_372' title='bbox 1839 3584 1996 3650; x_wconf 90' lang='lat' dir='ltr'>librorum</span> <span class='ocrx_word' id='word_1_373' title='bbox 2019 3585 2266 3670; x_wconf 79' lang='lat' dir='ltr'>pontificiorum,</span> 
     </span>
     <span class='ocr_line' id='line_1_28' title="bbox 458 3692 2265 3777; baseline 0.002 -23"><span class='ocrx_word' id='word_1_374' title='bbox 458 3711 530 3755; x_wconf 90' lang='lat' dir='ltr'>eam</span> <span class='ocrx_word' id='word_1_375' title='bbox 565 3701 673 3754; x_wconf 89' lang='lat' dir='ltr'>autem</span> <span class='ocrx_word' id='word_1_376' title='bbox 705 3710 852 3752; x_wconf 89' lang='lat' dir='ltr'>normam</span> <span class='ocrx_word' id='word_1_377' title='bbox 886 3709 959 3754; x_wconf 93' lang='lat' dir='ltr'>cum</span> <span class='ocrx_word' id='word_1_378' title='bbox 991 3693 1061 3775; x_wconf 89' lang='lat' dir='ltr'>ipsa</span> <span class='ocrx_word' id='word_1_379' title='bbox 1092 3696 1215 3758; x_wconf 91' lang='lat' dir='ltr'>ratione</span> <span class='ocrx_word' id='word_1_380' title='bbox 1248 3701 1280 3759; x_wconf 89' lang='lat' dir='ltr'>et</span> <span class='ocrx_word' id='word_1_381' title='bbox 1313 3694 1519 3777; x_wconf 88' lang='lat' dir='ltr'>generatione</span> <span class='ocrx_word' id='word_1_382' title='bbox 1556 3692 1690 3754; x_wconf 90' lang='lat' dir='ltr'>deorum</span> <span class='ocrx_word' id='word_1_383' title='bbox 1724 3692 1896 3755; x_wconf 86' lang='lat' dir='ltr'>dearumve</span> <span class='ocrx_word' id='word_1_384' title='bbox 1930 3694 2088 3758; x_wconf 88' lang='lat' dir='ltr'>artissime</span> <span class='ocrx_word' id='word_1_385' title='bbox 2123 3695 2265 3777; x_wconf 87' lang='lat' dir='ltr'>sciteque</span> 
     </span>
     <span class='ocr_line' id='line_1_29' title="bbox 459 3796 2266 3884; baseline 0.001 -22"><span class='ocrx_word' id='word_1_386' title='bbox 459 3817 616 3862; x_wconf 81' lang='lat' dir='ltr'>conexam</span> <span class='ocrx_word' id='word_1_387' title='bbox 641 3796 752 3876; x_wconf 82' lang='lat' dir='ltr'>tuisse,</span> <span class='ocrx_word' id='word_1_388' title='bbox 775 3796 808 3858; x_wconf 92' lang='lat' dir='ltr'>id</span> <span class='ocrx_word' id='word_1_389' title='bbox 826 3797 964 3878; x_wconf 82' lang='lat' dir='ltr'>quidem,</span> <span class='ocrx_word' id='word_1_390' title='bbox 987 3799 1063 3862; x_wconf 91' lang='lat' dir='ltr'>licet</span> <span class='ocrx_word' id='word_1_391' title='bbox 1080 3803 1226 3864; x_wconf 90' lang='lat' dir='ltr'>noudum</span> <span class='ocrx_word' id='word_1_392' title='bbox 1251 3802 1292 3864; x_wconf 89' lang='lat' dir='ltr'>sit</span> <span class='ocrx_word' id='word_1_393' title='bbox 1315 3819 1352 3864; x_wconf 91' lang='lat' dir='ltr'>ea</span> <span class='ocrx_word' id='word_1_394' title='bbox 1376 3819 1473 3884; x_wconf 90' lang='lat' dir='ltr'>quam</span> <span class='ocrx_word' id='word_1_395' title='bbox 1493 3799 1635 3880; x_wconf 88' lang='lat' dir='ltr'>gravitas</span> <span class='ocrx_word' id='word_1_396' title='bbox 1652 3800 1831 3882; x_wconf 86' lang='lat' dir='ltr'>argumenti</span> <span class='ocrx_word' id='word_1_397' title='bbox 1847 3799 1949 3880; x_wconf 89' lang='lat' dir='ltr'>poscit</span> <span class='ocrx_word' id='word_1_398' title='bbox 1972 3817 2050 3862; x_wconf 91' lang='lat' dir='ltr'>cura</span> <span class='ocrx_word' id='word_1_399' title='bbox 2072 3802 2266 3883; x_wconf 85' lang='lat' dir='ltr'>expositum,</span> 
     </span>
     <span class='ocr_line' id='line_1_30' title="bbox 458 3904 2265 3987; baseline 0.002 -20"><span class='ocrx_word' id='word_1_400' title='bbox 458 3911 567 3967; x_wconf 88' lang='lat' dir='ltr'>tamen</span> <span class='ocrx_word' id='word_1_401' title='bbox 600 3904 627 3966; x_wconf 91' lang='lat' dir='ltr'>si</span> <span class='ocrx_word' id='word_1_402' title='bbox 655 3921 817 3965; x_wconf 88' lang='lat' dir='ltr'>summam</span> <span class='ocrx_word' id='word_1_403' title='bbox 844 3904 891 3964; x_wconf 93' lang='lat' dir='ltr'>rei</span> <span class='ocrx_word' id='word_1_404' title='bbox 919 3905 1070 3987; x_wconf 87' lang='lat' dir='ltr'>respicias</span> <span class='ocrx_word' id='word_1_405' title='bbox 1103 3912 1354 3970; x_wconf 89' lang='lat' dir='ltr'>cousentaneum</span> <span class='ocrx_word' id='word_1_406' title='bbox 1389 3910 1450 3969; x_wconf 90' lang='lat' dir='ltr'>est.</span> <span class='ocrx_word' id='word_1_407' title='bbox 1501 3904 1557 3967; x_wconf 91' lang='lat' dir='ltr'>sed</span> <span class='ocrx_word' id='word_1_408' title='bbox 1592 3905 1680 3967; x_wconf 89' lang='lat' dir='ltr'>aliud</span> <span class='ocrx_word' id='word_1_409' title='bbox 1714 3909 1763 3967; x_wconf 86' lang='lat' dir='ltr'>est</span> <span class='ocrx_word' id='word_1_410' title='bbox 1797 3924 1848 3968; x_wconf 89' lang='lat' dir='ltr'>res</span> <span class='ocrx_word' id='word_1_411' title='bbox 1882 3907 1968 3987; x_wconf 89' lang='lat' dir='ltr'>ipsas</span> <span class='ocrx_word' id='word_1_412' title='bbox 2001 3904 2142 3968; x_wconf 88' lang='lat' dir='ltr'>stabilire</span> <span class='ocrx_word' id='word_1_413' title='bbox 2176 3907 2265 3971; x_wconf 89' lang='lat' dir='ltr'>aliud</span> 
     </span>
     <span class='ocr_line' id='line_1_31' title="bbox 457 4009 2266 4096; baseline 0.002 -23"><span class='ocrx_word' id='word_1_414' title='bbox 457 4029 574 4074; x_wconf 89' lang='lat' dir='ltr'>causas</span> <span class='ocrx_word' id='word_1_415' title='bbox 588 4029 698 4073; x_wconf 84' lang='lat' dir='ltr'>earum</span> <span class='ocrx_word' id='word_1_416' title='bbox 715 4009 915 4092; x_wconf 89' lang='lat' dir='ltr'>investigare.</span> <span class='ocrx_word' id='word_1_417' title='bbox 943 4010 977 4073; x_wconf 91' lang='lat' dir='ltr'>id</span> <span class='ocrx_word' id='word_1_418' title='bbox 997 4013 1084 4094; x_wconf 90' lang='lat' dir='ltr'>quod</span> <span class='ocrx_word' id='word_1_419' title='bbox 1103 4014 1136 4075; x_wconf 94' lang='lat' dir='ltr'>in</span> <span class='ocrx_word' id='word_1_420' title='bbox 1161 4015 1221 4077; x_wconf 90' lang='lat' dir='ltr'>hoc</span> <span class='ocrx_word' id='word_1_421' title='bbox 1235 4031 1352 4096; x_wconf 85' lang='lat' dir='ltr'>genere</span> <span class='ocrx_word' id='word_1_422' title='bbox 1375 4010 1427 4074; x_wconf 90' lang='lat' dir='ltr'>vel</span> <span class='ocrx_word' id='word_1_423' title='bbox 1442 4015 1607 4094; x_wconf 86' lang='lat' dir='ltr'>propterea</span> <span class='ocrx_word' id='word_1_424' title='bbox 1623 4010 1849 4075; x_wconf 87' lang='lat' dir='ltr'>difficillimum</span> <span class='ocrx_word' id='word_1_425' title='bbox 1866 4018 1921 4092; x_wconf 83' lang='lat' dir='ltr'>est,</span> <span class='ocrx_word' id='word_1_426' title='bbox 1938 4012 2024 4094; x_wconf 90' lang='lat' dir='ltr'>quod</span> <span class='ocrx_word' id='word_1_427' title='bbox 2044 4012 2266 4096; x_wconf 84' lang='lat' dir='ltr'>exemplorum</span> 
     </span>
     <span class='ocr_line' id='line_1_32' title="bbox 460 4114 2265 4202; baseline 0.003 -24"><span class='ocrx_word' id='word_1_428' title='bbox 460 4117 562 4199; x_wconf 83' lang='lat' dir='ltr'>copia,</span> <span class='ocrx_word' id='word_1_429' title='bbox 582 4114 701 4198; x_wconf 91' lang='lat' dir='ltr'>quibus</span> <span class='ocrx_word' id='word_1_430' title='bbox 725 4115 809 4176; x_wconf 92' lang='lat' dir='ltr'>ultro</span> <span class='ocrx_word' id='word_1_431' title='bbox 833 4114 940 4178; x_wconf 89' lang='lat' dir='ltr'>aditus</span> <span class='ocrx_word' id='word_1_432' title='bbox 964 4118 1005 4180; x_wconf 88' lang='lat' dir='ltr'>ad</span> <span class='ocrx_word' id='word_1_433' title='bbox 1028 4120 1183 4182; x_wconf 91' lang='lat' dir='ltr'>rationem</span> <span class='ocrx_word' id='word_1_434' title='bbox 1206 4119 1287 4202; x_wconf 87' lang='lat' dir='ltr'>legis</span> <span class='ocrx_word' id='word_1_435' title='bbox 1309 4117 1539 4180; x_wconf 89' lang='lat' dir='ltr'>inveniendam</span> <span class='ocrx_word' id='word_1_436' title='bbox 1563 4120 1736 4201; x_wconf 75' lang='lat' dir='ltr'>aperiatur,</span> <span class='ocrx_word' id='word_1_437' title='bbox 1764 4118 1984 4182; x_wconf 86' lang='lat' dir='ltr'>destituamur.</span> <span class='ocrx_word' id='word_1_438' title='bbox 2030 4120 2139 4202; x_wconf 92' lang='lat' dir='ltr'>itaque</span> <span class='ocrx_word' id='word_1_439' title='bbox 2162 4121 2265 4202; x_wconf 87' lang='lat' dir='ltr'>siquis</span> 
     </span>
     <span class='ocr_line' id='line_1_33' title="bbox 459 4222 2265 4306; baseline 0.003 -22"><span class='ocrx_word' id='word_1_440' title='bbox 459 4226 593 4304; x_wconf 87' lang='lat' dir='ltr'>quaerat</span> <span class='ocrx_word' id='word_1_441' title='bbox 621 4241 686 4304; x_wconf 90' lang='lat' dir='ltr'>qua</span> <span class='ocrx_word' id='word_1_442' title='bbox 709 4222 912 4304; x_wconf 85' lang='lat' dir='ltr'>potissimum</span> <span class='ocrx_word' id='word_1_443' title='bbox 937 4222 975 4284; x_wconf 90' lang='lat' dir='ltr'>de</span> <span class='ocrx_word' id='word_1_444' title='bbox 999 4243 1098 4288; x_wconf 87' lang='lat' dir='ltr'>causa</span> <span class='ocrx_word' id='word_1_445' title='bbox 1121 4226 1273 4289; x_wconf 87' lang='lat' dir='ltr'>mulieres</span> <span class='ocrx_word' id='word_1_446' title='bbox 1296 4245 1315 4286; x_wconf 92' lang='lat' dir='ltr'>a</span> <span class='ocrx_word' id='word_1_447' title='bbox 1338 4243 1428 4287; x_wconf 88' lang='lat' dir='ltr'>sacro</span> <span class='ocrx_word' id='word_1_448' title='bbox 1451 4244 1508 4306; x_wconf 88' lang='lat' dir='ltr'>pro</span> <span class='ocrx_word' id='word_1_449' title='bbox 1528 4223 1628 4286; x_wconf 90' lang='lat' dir='ltr'>bourn</span> <span class='ocrx_word' id='word_1_450' title='bbox 1649 4225 1832 4288; x_wconf 90' lang='lat' dir='ltr'>valetudine</span> <span class='ocrx_word' id='word_1_451' title='bbox 1848 4223 1945 4288; x_wconf 61' lang='lat' dir='ltr'>Marti,</span> <span class='ocrx_word' id='word_1_452' title='bbox 1969 4225 2093 4289; x_wconf 89' lang='lat' dir='ltr'>silvano</span> <span class='ocrx_word' id='word_1_453' title='bbox 2116 4226 2265 4290; x_wconf 88' lang='lat' dir='ltr'>faciundo</span> 
     </span>
     <span class='ocr_line' id='line_1_34' title="bbox 461 4326 2266 4416; baseline 0.004 -27"><span class='ocrx_word' id='word_1_454' title='bbox 461 4326 574 4390; x_wconf 88' lang='lat' dir='ltr'>abesse</span> <span class='ocrx_word' id='word_1_455' title='bbox 597 4327 714 4390; x_wconf 86' lang='lat' dir='ltr'>vetitae</span> <span class='ocrx_word' id='word_1_456' title='bbox 737 4328 814 4408; x_wconf 81' lang='lat' dir='ltr'>siut,</span> <span class='ocrx_word' id='word_1_457' title='bbox 843 4347 926 4409; x_wconf 81' lang='lat' dir='ltr'>eum,</span> <span class='ocrx_word' id='word_1_458' title='bbox 949 4333 985 4392; x_wconf 90' lang='lat' dir='ltr'>ut</span> <span class='ocrx_word' id='word_1_459' title='bbox 1010 4350 1097 4395; x_wconf 92' lang='lat' dir='ltr'>nunc</span> <span class='ocrx_word' id='word_1_460' title='bbox 1119 4351 1171 4396; x_wconf 88' lang='lat' dir='ltr'>res</span> <span class='ocrx_word' id='word_1_461' title='bbox 1196 4337 1285 4412; x_wconf 81' lang='lat' dir='ltr'>sunt,</span> <span class='ocrx_word' id='word_1_462' title='bbox 1309 4330 1448 4394; x_wconf 91' lang='lat' dir='ltr'>hariolos</span> <span class='ocrx_word' id='word_1_463' title='bbox 1471 4335 1503 4394; x_wconf 90' lang='lat' dir='ltr'>et</span> <span class='ocrx_word' id='word_1_464' title='bbox 1525 4333 1614 4394; x_wconf 89' lang='lat' dir='ltr'>vates</span> <span class='ocrx_word' id='word_1_465' title='bbox 1634 4330 1721 4392; x_wconf 90' lang='lat' dir='ltr'>adire</span> <span class='ocrx_word' id='word_1_466' title='bbox 1748 4330 1855 4411; x_wconf 80' lang='lat' dir='ltr'>iubae,</span> <span class='ocrx_word' id='word_1_467' title='bbox 1883 4333 1989 4415; x_wconf 91' lang='lat' dir='ltr'>quisi</span> <span class='ocrx_word' id='word_1_468' title='bbox 2013 4332 2112 4396; x_wconf 89' lang='lat' dir='ltr'>huius</span> <span class='ocrx_word' id='word_1_469' title='bbox 2137 4351 2266 4416; x_wconf 90' lang='lat' dir='ltr'>quoque</span> 
     </span>
     <span class='ocr_line' id='line_1_35' title="bbox 458 4433 2265 4520; baseline 0.003 -25"><span class='ocrx_word' id='word_1_470' title='bbox 458 4433 658 4515; x_wconf 90' lang='lat' dir='ltr'>quaestionis</span> <span class='ocrx_word' id='word_1_471' title='bbox 675 4433 865 4504; x_wconf 89' lang='lat' dir='ltr'>solutionem</span> <span class='ocrx_word' id='word_1_472' title='bbox 883 4435 1003 4498; x_wconf 83' lang='lat' dir='ltr'>sedicet</span> <span class='ocrx_word' id='word_1_473' title='bbox 1014 4436 1225 4501; x_wconf 86' lang='lat' dir='ltr'>Etruscorum</span> <span class='ocrx_word' id='word_1_474' title='bbox 1242 4438 1290 4500; x_wconf 92' lang='lat' dir='ltr'>illi</span> <span class='ocrx_word' id='word_1_475' title='bbox 1307 4437 1478 4520; x_wconf 88' lang='lat' dir='ltr'>disciplina</span> <span class='ocrx_word' id='word_1_476' title='bbox 1492 4437 1609 4499; x_wconf 87' lang='lat' dir='ltr'>initiati</span> <span class='ocrx_word' id='word_1_477' title='bbox 1624 4437 1659 4498; x_wconf 90' lang='lat' dir='ltr'>in</span> <span class='ocrx_word' id='word_1_478' title='bbox 1673 4443 1822 4520; x_wconf 90' lang='lat' dir='ltr'>promptu</span> <span class='ocrx_word' id='word_1_479' title='bbox 1843 4437 2018 4520; x_wconf 77' lang='lat' dir='ltr'>habebunt,</span> <span class='ocrx_word' id='word_1_480' title='bbox 2036 4459 2102 4503; x_wconf 91' lang='lat' dir='ltr'>non</span> <span class='ocrx_word' id='word_1_481' title='bbox 2118 4437 2265 4502; x_wconf 89' lang='lat' dir='ltr'>mirabor.</span> 
     </span>
     <span class='ocr_line' id='line_1_36' title="bbox 457 4539 1131 4622; baseline 0.007 -21"><span class='ocrx_word' id='word_1_482' title='bbox 457 4558 517 4622; x_wconf 86' lang='lat' dir='ltr'>ego</span> <span class='ocrx_word' id='word_1_483' title='bbox 541 4539 719 4604; x_wconf 88' lang='lat' dir='ltr'>modestius</span> <span class='ocrx_word' id='word_1_484' title='bbox 743 4540 782 4604; x_wconf 93' lang='lat' dir='ltr'>de</span> <span class='ocrx_word' id='word_1_485' title='bbox 810 4559 847 4603; x_wconf 90' lang='lat' dir='ltr'>ea</span> <span class='ocrx_word' id='word_1_486' title='bbox 875 4559 910 4603; x_wconf 91' lang='lat' dir='ltr'>re</span> <span class='ocrx_word' id='word_1_487' title='bbox 934 4542 1131 4607; x_wconf 82' lang='lat' dir='ltr'>existimabo.</span> 
     </span>
    </p>

    <p class='ocr_par' dir='ltr' id='par_1_5' title="bbox 457 4645 2268 5480">
     <span class='ocr_line' id='line_1_37' title="bbox 620 4645 2267 4734; baseline 0.003 -25"><span class='ocrx_word' id='word_1_488' title='bbox 620 4645 683 4709; x_wconf 86' lang='lat' dir='ltr'>Sed</span> <span class='ocrx_word' id='word_1_489' title='bbox 706 4648 771 4709; x_wconf 88' lang='lat' dir='ltr'>iarn</span> <span class='ocrx_word' id='word_1_490' title='bbox 795 4647 874 4710; x_wconf 92' lang='lat' dir='ltr'>mihi</span> <span class='ocrx_word' id='word_1_491' title='bbox 898 4665 949 4710; x_wconf 90' lang='lat' dir='ltr'>res</span> <span class='ocrx_word' id='word_1_492' title='bbox 973 4653 1021 4711; x_wconf 89' lang='lat' dir='ltr'>est</span> <span class='ocrx_word' id='word_1_493' title='bbox 1042 4668 1119 4712; x_wconf 91' lang='lat' dir='ltr'>cum</span> <span class='ocrx_word' id='word_1_494' title='bbox 1144 4648 1299 4714; x_wconf 88' lang='lat' dir='ltr'>Osthoffio</span> <span class='ocrx_word' id='word_1_495' title='bbox 1325 4651 1393 4713; x_wconf 88' lang='lat' dir='ltr'>viro</span> <span class='ocrx_word' id='word_1_496' title='bbox 1418 4649 1609 4712; x_wconf 86' lang='lat' dir='ltr'>doctissimo.</span> <span class='ocrx_word' id='word_1_497' title='bbox 1633 4649 1662 4710; x_wconf 90' lang='lat' dir='ltr'>is</span> <span class='ocrx_word' id='word_1_498' title='bbox 1687 4651 1773 4712; x_wconf 90' lang='lat' dir='ltr'>euim</span> <span class='ocrx_word' id='word_1_499' title='bbox 1797 4669 1870 4713; x_wconf 93' lang='lat' dir='ltr'>cum</span> <span class='ocrx_word' id='word_1_500' title='bbox 1895 4651 2005 4716; x_wconf 91' lang='lat' dir='ltr'>eodem</span> <span class='ocrx_word' id='word_1_501' title='bbox 2025 4652 2091 4714; x_wconf 86' lang='lat' dir='ltr'>fere</span> <span class='ocrx_word' id='word_1_502' title='bbox 2115 4657 2267 4734; x_wconf 80' lang='lat' dir='ltr'>tempore,</span> 
     </span>
     <span class='ocr_line' id='line_1_38' title="bbox 457 4752 2265 4840; baseline 0.003 -26"><span class='ocrx_word' id='word_1_503' title='bbox 457 4770 523 4834; x_wconf 91' lang='lat' dir='ltr'>quo</span> <span class='ocrx_word' id='word_1_504' title='bbox 557 4752 698 4834; x_wconf 89' lang='lat' dir='ltr'>primum</span> <span class='ocrx_word' id='word_1_505' title='bbox 731 4771 789 4836; x_wconf 91' lang='lat' dir='ltr'>ego</span> <span class='ocrx_word' id='word_1_506' title='bbox 822 4772 910 4816; x_wconf 89' lang='lat' dir='ltr'>meas</span> <span class='ocrx_word' id='word_1_507' title='bbox 954 4753 992 4816; x_wconf 94' lang='lat' dir='ltr'>de</span> <span class='ocrx_word' id='word_1_508' title='bbox 1027 4753 1180 4820; x_wconf 88' lang='lat' dir='ltr'>Dresselii</span> <span class='ocrx_word' id='word_1_509' title='bbox 1213 4755 1449 4838; x_wconf 87' lang='lat' dir='ltr'>Biicheleriqne</span> <span class='ocrx_word' id='word_1_510' title='bbox 1493 4753 1672 4818; x_wconf 89' lang='lat' dir='ltr'>rationibus</span> <span class='ocrx_word' id='word_1_511' title='bbox 1712 4755 1927 4820; x_wconf 88' lang='lat' dir='ltr'>dubitationes</span> <span class='ocrx_word' id='word_1_512' title='bbox 1968 4755 2088 4820; x_wconf 88' lang='lat' dir='ltr'>Romae</span> <span class='ocrx_word' id='word_1_513' title='bbox 2123 4757 2265 4840; x_wconf 88' lang='lat' dir='ltr'>conlegis</span> 
     </span>
     <span class='ocr_line' id='line_1_39' title="bbox 458 4857 2266 4947; baseline 0.004 -28"><span class='ocrx_word' id='word_1_514' title='bbox 458 4857 604 4920; x_wconf 90' lang='lat' dir='ltr'>Instituti</span> <span class='ocrx_word' id='word_1_515' title='bbox 628 4859 825 4940; x_wconf 89' lang='lat' dir='ltr'>capitulatim</span> <span class='ocrx_word' id='word_1_516' title='bbox 849 4859 1039 4942; x_wconf 75' lang='lat' dir='ltr'>significavi,</span> <span class='ocrx_word' id='word_1_517' title='bbox 1062 4880 1160 4944; x_wconf 90' lang='lat' dir='ltr'>prope</span> <span class='ocrx_word' id='word_1_518' title='bbox 1182 4863 1218 4924; x_wconf 90' lang='lat' dir='ltr'>iu</span> <span class='ocrx_word' id='word_1_519' title='bbox 1241 4862 1369 4925; x_wconf 89' lang='lat' dir='ltr'>easdem</span> <span class='ocrx_word' id='word_1_520' title='bbox 1392 4863 1460 4943; x_wconf 91' lang='lat' dir='ltr'>ipse</span> <span class='ocrx_word' id='word_1_521' title='bbox 1476 4860 1784 4924; x_wconf 80' lang='lat' dir='ltr'>incidisset-nam</span> <span class='ocrx_word' id='word_1_522' title='bbox 1808 4881 1914 4945; x_wconf 92' lang='lat' dir='ltr'>neque</span> <span class='ocrx_word' id='word_1_523' title='bbox 1936 4862 2051 4926; x_wconf 75' lang='lat' dir='ltr'>mamis</span> <span class='ocrx_word' id='word_1_524' title='bbox 2069 4883 2126 4947; x_wconf 90' lang='lat' dir='ltr'>pro</span> <span class='ocrx_word' id='word_1_525' title='bbox 2150 4864 2266 4927; x_wconf 90' lang='lat' dir='ltr'>comite</span> 
     </span>
     <span class='ocr_line' id='line_1_40' title="bbox 460 4964 2265 5052; baseline 0.003 -26"><span class='ocrx_word' id='word_1_526' title='bbox 460 4964 600 5046; x_wconf 89' lang='lat' dir='ltr'>positum</span> <span class='ocrx_word' id='word_1_527' title='bbox 637 4983 743 5048; x_wconf 91' lang='lat' dir='ltr'>neque</span> <span class='ocrx_word' id='word_1_528' title='bbox 778 4966 996 5028; x_wconf 88' lang='lat' dir='ltr'>accusativum</span> <span class='ocrx_word' id='word_1_529' title='bbox 1029 4986 1048 5028; x_wconf 90' lang='lat' dir='ltr'>a</span> <span class='ocrx_word' id='word_1_530' title='bbox 1081 4967 1242 5031; x_wconf 90' lang='lat' dir='ltr'>locutione</span> <span class='ocrx_word' id='word_1_531' title='bbox 1277 4969 1426 5031; x_wconf 90' lang='lat' dir='ltr'>comitem</span> <span class='ocrx_word' id='word_1_532' title='bbox 1461 4984 1531 5030; x_wconf 86' lang='lat' dir='ltr'>esse</span> <span class='ocrx_word' id='word_1_533' title='bbox 1563 4987 1758 5050; x_wconf 90' lang='lat' dir='ltr'>suspensum</span> <span class='ocrx_word' id='word_1_534' title='bbox 1793 4969 1869 5032; x_wconf 84' lang='lat' dir='ltr'>ferri</span> <span class='ocrx_word' id='word_1_535' title='bbox 1902 4987 1995 5052; x_wconf 90' lang='lat' dir='ltr'>posse</span> <span class='ocrx_word' id='word_1_536' title='bbox 2032 4969 2191 5032; x_wconf 86' lang='lat' dir='ltr'>intellexit</span> <span class='ocrx_word' id='word_1_537' title='bbox 2223 5005 2265 5015; x_wconf 91' lang='lat'><em>-</em></span> 
     </span>
     <span class='ocr_line' id='line_1_41' title="bbox 460 5071 2264 5156; baseline 0.003 -24"><span class='ocrx_word' id='word_1_538' title='bbox 460 5071 575 5151; x_wconf 90' lang='lat' dir='ltr'>prioris</span> <span class='ocrx_word' id='word_1_539' title='bbox 605 5072 823 5155; x_wconf 88' lang='lat' dir='ltr'>inscriptionis</span> <span class='ocrx_word' id='word_1_540' title='bbox 856 5090 987 5134; x_wconf 89' lang='lat' dir='ltr'>sensum</span> <span class='ocrx_word' id='word_1_541' title='bbox 1016 5073 1109 5156; x_wconf 91' lang='lat' dir='ltr'>longe</span> <span class='ocrx_word' id='word_1_542' title='bbox 1134 5073 1260 5138; x_wconf 91' lang='lat' dir='ltr'>diverso</span> <span class='ocrx_word' id='word_1_543' title='bbox 1285 5095 1304 5137; x_wconf 91' lang='lat' dir='ltr'>a</span> <span class='ocrx_word' id='word_1_544' title='bbox 1327 5073 1420 5138; x_wconf 90' lang='lat' dir='ltr'>nobis</span> <span class='ocrx_word' id='word_1_545' title='bbox 1443 5073 1577 5137; x_wconf 88' lang='lat' dir='ltr'>consilio</span> <span class='ocrx_word' id='word_1_546' title='bbox 1601 5073 1689 5136; x_wconf 89' lang='lat' dir='ltr'>huno</span> <span class='ocrx_word' id='word_1_547' title='bbox 1714 5074 1776 5138; x_wconf 89' lang='lat' dir='ltr'>sibi</span> <span class='ocrx_word' id='word_1_548' title='bbox 1798 5077 1888 5139; x_wconf 91' lang='lat' dir='ltr'>visus</span> <span class='ocrx_word' id='word_1_549' title='bbox 1911 5081 1960 5138; x_wconf 88' lang='lat' dir='ltr'>est</span> <span class='ocrx_word' id='word_1_550' title='bbox 1983 5075 2156 5140; x_wconf 90' lang='lat' dir='ltr'>adsecutus</span> <span class='ocrx_word' id='word_1_551' title='bbox 2181 5095 2264 5140; x_wconf 89' lang='lat' dir='ltr'>esse:</span> 
     </span>
     <span class='ocr_line' id='line_1_42' title="bbox 461 5173 2266 5262; baseline 0.004 -26"><span class='ocrx_word' id='word_1_552' title='bbox 461 5173 535 5237; x_wconf 81' lang='lat' dir='ltr'>Iove</span> <span class='ocrx_word' id='word_1_553' title='bbox 556 5175 726 5260; x_wconf 54' lang='lat' dir='ltr'>Sequano)</span> <span class='ocrx_word' id='word_1_554' title='bbox 754 5177 859 5241; x_wconf 75' lang='lat' dir='ltr'>deivos</span> <span class='ocrx_word' id='word_1_555' title='bbox 881 5179 934 5259; x_wconf 75' lang='lat' dir='ltr'>qoi</span> <span class='ocrx_word' id='word_1_556' title='bbox 955 5179 1028 5240; x_wconf 85' lang='lat' dir='ltr'>med</span> <span class='ocrx_word' id='word_1_557' title='bbox 1048 5178 1151 5259; x_wconf 78' lang='lat' dir='ltr'>mitat,</span> <span class='ocrx_word' id='word_1_558' title='bbox 1175 5181 1279 5244; x_wconf 74' lang='lat' dir='ltr'>recitati</span> <span class='ocrx_word' id='word_1_559' title='bbox 1301 5181 1379 5243; x_wconf 84' lang='lat' dir='ltr'>endo</span> <span class='ocrx_word' id='word_1_560' title='bbox 1402 5180 1517 5242; x_wconf 71' lang='lat' dir='ltr'>cosmas</span> <span class='ocrx_word' id='word_1_561' title='bbox 1540 5179 1593 5242; x_wconf 80' lang='lat' dir='ltr'>nir·</span> <span class='ocrx_word' id='word_1_562' title='bbox 1614 5180 1717 5243; x_wconf 69' lang='lat' dir='ltr'>asad</span> <span class='ocrx_word' id='word_1_563' title='bbox 1731 5182 1825 5262; x_wconf 78' lang='lat' dir='ltr'>osted,</span> <span class='ocrx_word' id='word_1_564' title='bbox 1847 5182 1949 5258; x_wconf 75' lang='lat' dir='ltr'>norsr&#39;;</span> <span class='ocrx_word' id='word_1_565' title='bbox 1973 5186 2011 5246; x_wconf 87' lang='lat' dir='ltr'>ut</span> <span class='ocrx_word' id='word_1_566' title='bbox 2026 5183 2068 5246; x_wconf 92' lang='lat' dir='ltr'>sit</span> <span class='ocrx_word' id='word_1_567' title='bbox 2089 5181 2139 5245; x_wconf 77' lang='lat' dir='ltr'>‘ad</span> <span class='ocrx_word' id='word_1_568' title='bbox 2156 5181 2266 5244; x_wconf 88' lang='lat' dir='ltr'>Iovem</span> 
     </span>
     <span class='ocr_line' id='line_1_43' title="bbox 461 5279 2268 5372; baseline 0.002 -28"><span class='ocrx_word' id='word_1_569' title='bbox 461 5279 704 5366; x_wconf 85' lang='lat' dir='ltr'>Saturnumque</span> <span class='ocrx_word' id='word_1_570' title='bbox 736 5283 793 5366; x_wconf 94' lang='lat' dir='ltr'>qui</span> <span class='ocrx_word' id='word_1_571' title='bbox 825 5302 876 5346; x_wconf 92' lang='lat' dir='ltr'>me</span> <span class='ocrx_word' id='word_1_572' title='bbox 910 5285 1023 5366; x_wconf 85' lang='lat' dir='ltr'>mittat,</span> <span class='ocrx_word' id='word_1_573' title='bbox 1054 5287 1147 5349; x_wconf 87' lang='lat' dir='ltr'>nitito</span> <span class='ocrx_word' id='word_1_574' title='bbox 1175 5288 1262 5350; x_wconf 87' lang='lat' dir='ltr'>intua</span> <span class='ocrx_word' id='word_1_575' title='bbox 1287 5293 1380 5370; x_wconf 89' lang='lat' dir='ltr'>aptus</span> <span class='ocrx_word' id='word_1_576' title='bbox 1403 5287 1453 5348; x_wconf 89' lang='lat' dir='ltr'>vir</span> <span class='ocrx_word' id='word_1_577' title='bbox 1476 5288 1580 5350; x_wconf 91' lang='lat' dir='ltr'>consit</span> <span class='ocrx_word' id='word_1_578' title='bbox 1603 5287 1706 5352; x_wconf 88' lang='lat' dir='ltr'>astet&#39;</span> <span class='ocrx_word' id='word_1_579' title='bbox 1753 5289 1845 5352; x_wconf 91' lang='lat' dir='ltr'>cuius</span> <span class='ocrx_word' id='word_1_580' title='bbox 1867 5289 2139 5372; x_wconf 89' lang='lat' dir='ltr'>interpretationis</span> <span class='ocrx_word' id='word_1_581' title='bbox 2163 5287 2268 5350; x_wconf 90' lang='lat' dir='ltr'>vindi·</span> 
     </span>
     <span class='ocr_line' id='line_1_44' title="bbox 461 5388 2268 5480; baseline 0.004 -31"><span class='ocrx_word' id='word_1_582' title='bbox 461 5388 583 5452; x_wconf 88' lang='lat' dir='ltr'>candae</span> <span class='ocrx_word' id='word_1_583' title='bbox 616 5409 713 5454; x_wconf 90' lang='lat' dir='ltr'>causa</span> <span class='ocrx_word' id='word_1_584' title='bbox 746 5408 830 5472; x_wconf 89' lang='lat' dir='ltr'>quae</span> <span class='ocrx_word' id='word_1_585' title='bbox 854 5389 1041 5473; x_wconf 78' lang='lat' dir='ltr'>disputavit,</span> <span class='ocrx_word' id='word_1_586' title='bbox 1075 5393 1110 5454; x_wconf 90' lang='lat' dir='ltr'>in</span> <span class='ocrx_word' id='word_1_587' title='bbox 1142 5393 1188 5456; x_wconf 89' lang='lat' dir='ltr'>eis</span> <span class='ocrx_word' id='word_1_588' title='bbox 1216 5398 1295 5456; x_wconf 89' lang='lat' dir='ltr'>sunt</span> <span class='ocrx_word' id='word_1_589' title='bbox 1329 5394 1469 5477; x_wconf 90' lang='lat' dir='ltr'>primum</span> <span class='ocrx_word' id='word_1_590' title='bbox 1502 5393 1537 5455; x_wconf 93' lang='lat' dir='ltr'>in</span> <span class='ocrx_word' id='word_1_591' title='bbox 1572 5392 1691 5474; x_wconf 93' lang='lat' dir='ltr'>quibus</span> <span class='ocrx_word' id='word_1_592' title='bbox 1715 5395 1765 5456; x_wconf 89' lang='lat' dir='ltr'>vir</span> <span class='ocrx_word' id='word_1_593' title='bbox 1788 5395 1992 5460; x_wconf 89' lang='lat' dir='ltr'>doctissimus</span> <span class='ocrx_word' id='word_1_594' title='bbox 2016 5396 2144 5480; x_wconf 89' lang='lat' dir='ltr'>egregie</span> <span class='ocrx_word' id='word_1_595' title='bbox 2167 5393 2268 5458; x_wconf 86' lang='lat' dir='ltr'>falsus</span> 
     </span>
    </p>
   </div>
   <div class='ocr_carea' id='block_1_5' title="bbox 0 0 2508 6612">
    <p class='ocr_par' dir='ltr' id='par_1_6' title="bbox 0 0 2508 6612">
     <span class='ocr_line' id='line_1_45' title="bbox 0 0 2508 6612; baseline 0 0"><span class='ocrx_word' id='word_1_596' title='bbox 0 0 2508 6612; x_wconf 95' lang='lat' dir='ltr'> </span> 
     </span>
    </p>
   </div>
  </div>
 </body>
</html>
