4982 6622
1353 687 1393 750 to

1266 779 1350 786 -—--
1367 779 1478 786 ----——

467 943 555 992 araur,
582 943 643 1004 pos
666 920 808 982 arua-een
834 919 906 1001 lipia
928 917 1058 1001 ,caristus
1080 923 1133 984 ser.
1167 940 1205 980 ur
1225 919 1295 1000 μὴν
1326 919 1427 1001 (pln'm
1453 918 1521 994 aes)
1550 919 1708 1002 pmrln'picl
1731 920 1814 982 rinus
1842 919 1965 982 tr'coloia
1987 943 2009 982 r
2033 920 2192 988 nes-iuna.
2240 923 2276 983 in

469 1029 587 1111 quibus
611 1045 693 1110 quae
719 1025 939 1090 llonrmsenns
968 1025 1066 1087 dubia
1093 1025 1267 1106 reliquerat
1293 1045 1395 1108 paene
1423 1027 1531 1087 omnia
1560 1026 1724 1110 expedivit
1746 1025 1962 1090 Kirchlrolfius
1990 1031 2113 1109 praeter
2137 1028 2276 1106 initium,

469 1135 574 1218 quode
597 1153 687 1196 nnnc
711 1151 838 1214 quoqne
863 1132 1042 1209 dubitatur3
1072 1133 1166 1194 cuiue
1190 1131 1288 1194 verba
1312 1151 1399 1195 nuno
1424 1132 1554 1214 quidem
1578 1130 1689 1194 Latine
1712 1132 1827 1194 faciam
1861 1150 1960 1194 sensu
1992 1133 2143 1215 neglecto.
2190 1138 2277 1207 certa

468 1243 567 1324 igitur
592 1238 749 1303 Oscorum
772 1239 988 1319 interpretatio
1012 1238 1112 1300 latina
1135 1238 1211 1300 haec
1235 1244 1295 1302 est:
1318 1240 1474 1320 prmum)
1502 1238 1533 1298 si
1553 1238 1732 1320 proclivius
1755 1237 1840 1319 quod
1857 1238 1989 1320 posthac
2007 1237 2145 1300 Bovillae
2166 1238 2275 1320 saer-u,

467 1347 571 1428 alpius
594 1346 683 1428 upral
705 1364 755 1406 ros
778 1364 849 1404 amn
875 1344 970 1405 allero
994 1344 1055 1424 laur
1077 1363 1167 1424 (rpem
1185 1344 1316 1404 voluerit
1336 1349 1394 1406 (ud
1406 1365 1466 1426 pro
1483 1344 1622 1406 iudicato
1646 1363 1796 1406 manum
1819 1345 1964 1406 inicere
1988 1363 2115 1407 earum
2138 1364 2274 1424 rerum,

467 1474 548 1535 parvm
570 1453 653 1516 ln'are
678 1452 712 1513 iu
737 1450 855 1530 opilea
878 1450 1013 1532 scriptur
1035 1455 1121 1516 sunl.
1147 1470 1278 1530 arriperem
1298 1449 1501 1531 prolu'lnmril
1524 1451 1626 1532 rumpia
1648 1449 1758 1511 ‹liclia-s·
1784 1449 1820 1512 X
1839 1449 2008 1532 prasiane.

629 1557 757 1620 Primus
786 1558 886 1639 igitur
909 1554 1129 1618 K‘irclrhoffius
1153 1556 1311 1618 intellexit
1335 1555 1454 1618 Oscum
1486 1557 1608 1618 avernum
1633 1577 1761 1621 (caeram
1785 1557 1887 1619 forma
1911 1557 2042 1637 uiridem
2065 1556 2178 1620 Latino
2203 1579 2273 1621 raro-

470 1686 548 1725 nnm
573 1665 714 1725 (ulamma
738 1663 984 1744 exaequandum
1010 1681 1088 1741 esse,
1111 1680 1146 1724 re
1171 1668 1278 1725 autem
1302 1661 1415 1724 Latino
1442 1683 1575 1723 aretinum
1602 1663 1725 1738 r'ru'aerr.
1756 1681 1829 1725 cum
1860 1663 1942 1725 illud
1971 1664 2005 1725 in
2033 1665 2103 1726 iure
2130 1663 2275 1728 Romano

470 1772 508 1834 de
538 1771 604 1834 sola
634 1769 774 1832 hominis
797 1767 889 1830 liberi
913 1768 1127 1830 vindicatione
1160 1773 1348 1849 usurpetur:
1382 1769 1485 1850 quode
1516 1768 1683 1832 adserendi
1716 1767 1897 1850 significatu
1924 1789 2029 1852 nuper
2055 1769 2275 1834 Mommsenus

469 1877 607 1940 Hermae
631 1882 650 1939 t.
675 1874 756 1938 XVI
780 1895 808 1956 p.
836 1875 895 1936 147
926 1873 1065 1936 dilucide
1089 1873 1247 1956 exposuit.
1284 1873 1342 1934 hoc
1366 1893 1496 1956 quoque
1520 1875 1603 1937 idem
1627 1873 1845 1938 Kirchhoffius
1868 1875 2025 1938 intellexit
2044 1897 2111 1958 pru
2137 1877 2272 1940 nudico-

470 1984 527 2044 lud
558 1982 682 2044 'arantum
718 2002 845 2042 (vamum
878 1999 942 2043 uon
970 1999 1063 2062 posse
1087 1978 1199 2042 Latine
1230 1979 1301 2042 ficri
1329 2000 1388 2061 pro
1422 1980 1609 2060 rungialrulu
1647 2001 1780 2042 tranimur
1816 1981 1931 2042 inicere
1967 2001 2003 2044 eo
2036 2001 2142 2062 seusu,
2179 1973 2218 2046 ut
2246 1985 2275 2047 is

470 2091 525 2170 qui
559 2108 692 2151 manum
725 2089 835 2150 iniciat
868 2107 905 2149 ea
935 2105 970 2149 re
1005 2088 1073 2148 vice
1106 2086 1311 2168 magistratus
1343 2086 1446 2148 lacere
1477 2085 1615 2162 dicatum
1648 2087 1703 2149 sed
1732 2107 1806 2150 cunr
1836 2089 1971 2151 coniecit
1999 2108 2073 2152 eum
2102 2090 2165 2152 dici
2187 2091 2278 2172 npml

471 2195 693 2276 ›arripislrnlnm
718 2213 852 2256 manum
877 2195 1003 2272 inicere,
1026 2194 1093 2275 ipse
1117 2193 1218 2254 sensit
1244 2210 1278 2254 se
1302 2209 1368 2253 rem
1393 2211 1453 2254 acu
1484 2210 1547 2253 non
1575 2193 1725 2274 tetigisse,
1753 2213 1825 2255 cum
1854 2196 2040 2276 praesertim
2068 2198 2276 2277 magistratus

470 2301 551 2364 Osce
574 2321 639 2363 non
663 2299 841 2363 medicatus
873 2299 1050 2381 appelletur
1081 2299 1136 2362 sed
1161 2297 1340 2360 meddixus.
1390 2316 1494 2380 nuper
1518 2299 1645 2360 demum
1671 2301 1861 2383 comparatis
1885 2301 1970 2363 tituli
1994 2299 2144 2364 Lucerini
2172 2302 2276 2366 verbis

469 2408 515 2470 sei
537 2408 611 2489 puis
633 2409 831 2487 m·r·or.vu(ur)
860 2406 918 2467 linc
940 2405 1032 2486 fierit,
1056 2403 1126 2487 sires
1151 2404 1218 2466 ium
1244 2404 1317 2485 piria
1339 2403 1414 2466 aaut
1426 2424 1486 2485 pro
1503 2403 1682 2467 iornlirulorl
1697 2405 1865 2484 nunu-mu)
1885 2405 1948 2489 [L]
1965 2427 2099 2470 annuum
2118 2407 2277 2490 iuieelsr'lo

470 2515 554 2577 raiol
580 2513 671 2597 (Eph.
695 2514 791 2595 epigr.
816 2511 848 2574 Il
872 2532 900 2594 p.
928 2513 1005 2583 205)
1033 2517 1118 2573 certo
1151 2509 1346 2574 intellectum
1380 2517 1428 2572 est
1454 2531 1522 2592 pru
1554 2511 1732 2573 irradientur!
1762 2530 1831 2574 esse
1861 2510 2012 2575 Latinum
2038 2533 2097 2595 pro
2125 2513 2274 2577 iudicato.

470 2622 513 2682 lta
543 2619 663 2681 lactum
698 2625 746 2681 est
776 2623 812 2680 ut
835 2619 933 2680 totius
966 2617 1025 2679 loci
1057 2623 1121 2678 tam
1153 2615 1250 2678 verba
1283 2635 1381 2698 quann
1415 2617 1572 2679 sententia
1603 2622 1729 2700 praeter
1760 2637 1888 2681 omnem
1918 2618 2148 2682 dubitationem
2173 2620 2218 2682 ita
2242 2626 2277 2683 ut

470 2745 567 2808 supra
589 2724 724 2788 lecimus
748 2725 908 2808 potuerint
932 2725 1082 2785 enarrari.
1113 2727 1235 2785 certum
1259 2727 1306 2784 est
1328 2722 1428 2804 igitur
1452 2721 1534 2785 Osco
1558 2741 1704 2786 sermone
1732 2743 1806 2786 cum
1834 2725 1903 2806 lege
1936 2725 2051 2806 agendi
2075 2743 2148 2788 cum
2178 2725 2276 2788 altero

470 2838 525 2894 ant
547 2851 603 2913 pro
627 2831 766 2894 iudicato
789 2851 923 2894 uranum
947 2829 1116 2892 adserendi
1139 2829 1207 2890 sive
1230 2828 1383 2890 iniciendi
1404 2827 1511 2892 verbis
1531 2831 1716 2911 genetivum
1740 2849 1850 2893 earum
1873 2850 1981 2893 rerum
2006 2832 2128 2908 sociari,
2150 2839 2279 2915 propter

471 2957 551 3019 quas
582 2937 650 3000 sive
684 2938 722 3000 de
747 2937 864 3019 quibus
889 2940 925 2999 ut
948 2935 1033 3018 apud
1056 2940 1233 3018 praetorem
1262 2934 1496 3017 praelectnmve
1523 2936 1608 2996 intra
1632 2935 1699 2998 dies
1724 2935 1833 2998 decem
1857 2938 2022 3019 proximos
2046 2945 2194 3020 ageretur
2218 2938 2277 3001 hoc

470 3043 548 3125 legis
572 3045 674 3127 capite
698 3049 828 3106 cautum
853 3047 909 3106 est.
934 3043 1025 3124 atqui
1047 3039 1159 3104 Latine
1184 3044 1343 3104 structura
1370 3059 1450 3123 quae
1475 3048 1523 3103 est
1545 3042 1615 3124 lege
1638 3060 1731 3125 agere
1755 3061 1828 3104 curn
1853 3043 1961 3124 aliquo
1984 3043 2060 3106 furti
2084 3045 2206 3107 aliusve
2230 3045 2278 3106 rei

470 3155 506 3213 ut
522 3155 638 3232 petere,
653 3149 876 3228 condemnare,
892 3147 1057 3212 absolvero
1074 3146 1222 3210 sollemni
1245 3165 1331 3209 more
1355 3150 1465 3208 sancta
1489 3154 1545 3225 est,
1568 3167 1699 3210 manum
1719 3149 1838 3211 inicere
1862 3149 1958 3212 alicui
1981 3150 2119 3212 alicuius
2141 3151 2186 3212 rei
2211 3169 2275 3211 non

467 3258 552 3318 item.
599 3257 693 3317 errius
717 3255 807 3318 verbi
831 3261 994 3317 structura
1018 3254 1158 3336 legitima
1183 3271 1266 3333 quae
1288 3252 1385 3314 fuerit
1406 3253 1487 3334 legis
1516 3254 1651 3316 actionis
1674 3273 1730 3335 per
1752 3273 1869 3316 manus
1895 3255 2099 3318 iniectionem
2127 3256 2224 3318 verba
2257 3274 2275 3316 a
2360 3329 2365 3340 Ι

470 3361 547 3424 Gaio
570 3361 627 3440 IV,
651 3359 691 3421 21
718 3380 757 3423 εε.
786 3360 972 3422 edissertata
1000 3359 1182 3422 ostendunt.
1237 3358 1308 3441 ipsa
1336 3363 1443 3420 autem
1473 3358 1542 3420 eius
1571 3358 1689 3440 quibus
1717 3361 1750 3421 in
1778 3361 1849 3422 inre
1877 3358 2052 3424 utebantur
2080 3361 2178 3424 verba
2201 3360 2277 3424 talia

469 3469 570 3530 luere:
601 3466 696 3548 ‘qnod
722 3470 758 3528 m
782 3465 863 3528 arilei
891 3465 1060 3528 imlimlns'
1096 3465 1172 3537 deire
1197 3462 1403 3539 ‘da-munius)
1437 3463 1478 3522 ‘aa
1505 3465 1682 3526 vastelium
1708 3465 1746 3526 X
1777 3465 1876 3544 inilia,
1901 3467 2029 3548 qrrnudo
2057 3487 2123 3530 nou
2145 3467 2275 3543 solui-sii,

471 3573 514 3637 ob
539 3593 618 3636 eam
641 3591 718 3635 rem
741 3593 795 3654 apo
819 3571 877 3632 tio?
899 3572 1077 3633 aeslerlnun·
1101 3570 1134 3632 X
1155 3570 1243 3632 nulio
1265 3569 1399 3631 iudicati
1416 3572 1563 3632 airnruou'
1589 3571 1700 3650 (codex
1727 3571 1855 3650 artorius)
1886 3572 2016 3635 ‘inimo’
2059 3576 2166 3656 itaque
2189 3574 2278 3636 locu·

469 3683 571 3743 tiones
594 3679 772 3742 sestertium
798 3683 840 3739 lot
864 3677 998 3739 r'rerlr'rnli
1022 3697 1155 3738 alariarum
1183 3675 1289 3750 inicio,
1320 3695 1459 3738 reatinum
1488 3681 1530 3738 tol
1555 3697 1615 3759 pro
1644 3677 1781 3740 indiculo
1804 3697 1924 3740 aruimus·
1949 3679 2074 3742 iniectio
2098 3686 2160 3742 θεῖο
2184 3687 2220 3742 ut
2242 3699 2277 3743 ro

467 3789 513 3850 ita
541 3786 647 3850 verbis
676 3790 878 3848 structurave
905 3802 997 3866 pares
1027 3788 1111 3854 sunt,
1139 3783 1173 3844 iu
1201 3783 1326 3847 decreto
1351 3782 1507 3847 Lucerino
1536 3784 1654 3846 desunt
1682 3803 1766 3865 quae
1789 3803 1848 3846 sua
1872 3789 1984 3867 sponte
2008 3785 2276 3867 intellegebantur

469 3894 507 3955 od
530 3913 600 3954 enm
624 3913 699 3954 ivor.
726 3892 781 3954 sed
804 3891 974 3974 genetivus
997 3891 1057 3952 iste
1080 3889 1159 3970 legis
1182 3888 1345 3953 Romanae
1369 3891 1425 3972 qui
1449 3897 1497 3952 est
1520 3895 1563 3951 lot
1584 3890 1762 3952 save-tima
1788 3890 1921 3954 iudimli
1944 3909 2120 3973 suspensus
2141 3912 2159 3953 a
2178 3892 2276 3956 verbo

471 4018 604 4062 manum
633 3997 784 4060 iniciendi
808 3997 977 4078 genetivus
1002 4001 1050 4058 est
1072 3996 1164 4077 pretii
1188 4002 1318 4078 totoque
1342 3996 1428 4058 caelo
1453 3996 1549 4058 distat
1573 4015 1591 4057 a
1613 3997 1760 4079 genetivo
1785 3995 1885 4060 Oscae
1907 3995 1986 4078 legis
2010 3997 2104 4060 euius
2127 3996 2226 4060 verba
2250 4000 2277 4060 si

469 4105 582 4169 Latine
605 4104 719 4168 feceris
742 4103 824 4164 hanc
848 4101 989 4165 effeceris
1018 4102 1209 4164 sententiam
1241 4122 1354 4163 norrun.
1380 4121 1488 4162 remon
1520 4121 1652 4164 vrrnuum
1679 4101 1795 4164 iru'eero
1822 4123 1902 4184 (praua
1925 4102 1976 4164 lu'a
2000 4102 2119 4184 lapibus
2141 4104 2277 4186 saraptae

470 4217 556 4274 arn-l.
583 4212 735 4273 nimirum
759 4208 879 4272 Romae
901 4209 978 4270 haec
998 4209 1032 4269 in
1055 4208 1141 4270 hunc
1161 4207 1292 4270 modum
1313 4215 1465 4288 concepta
1485 4206 1605 4269 fuerint
1627 4213 1762 4290 oportet:
1787 4208 1824 4270 ol)
1840 4229 1891 4270 aaa
1908 4229 1956 4270 rea
1973 4230 2014 4270 m.
2034 4209 2054 4269 i.
2074 4231 2102 4290 q.
2121 4210 2150 4273 la.
2170 4212 2189 4272 l.
2207 4233 2232 4274 a.
2247 4233 2273 4274 a.

472 4319 626 4400 exiguum
650 4317 748 4398 igitur
772 4313 822 4378 vel
846 4314 972 4377 nullum
998 4314 1168 4376 discrimen
1191 4314 1359 4376 intercedit
1381 4314 1464 4375 inter
1489 4312 1574 4375 hunc
1603 4315 1790 4396 genetivum
1818 4333 1956 4395 eumque
1981 4333 1999 4376 a
2023 4333 2087 4396 quo
2111 4315 2189 4378 haec
2212 4317 2275 4380 dis-

472 4424 593 4505 putatio
616 4421 756 4504 profecta
773 4428 831 4500 est,
853 4423 1037 4504 genetivum
1061 4441 1079 4482 a
1103 4420 1298 4482 colidicendo
1322 4437 1524 4502 suspensum.
1549 4418 1598 4482 his
1622 4419 1720 4500 igitur
1742 4420 1898 4503 exemplis
1920 4421 2006 4483 inter
2029 4439 2063 4483 se
2086 4426 2275 4505 comparatis

473 4534 600 4612 apparet
624 4533 762 4590 veterem
786 4527 939 4590 Italorum
964 4546 1142 4590 sermonem
1167 4525 1250 4588 ultra
1274 4543 1329 4588 eos
1352 4523 1433 4588 fines
1456 4543 1660 4607 progressum
1684 4543 1762 4606 esse,
1785 4546 1866 4608 quos
1885 4525 2022 4590 Romani
2045 4528 2125 4590 iuris
2149 4529 2275 4592 sollem·

473 4637 556 4698 nitas
585 4635 733 4718 genetivo
765 4633 860 4696 dixit:
893 4651 998 4714 neque
1030 4633 1136 4694 hercle
1165 4631 1221 4694 illa
1248 4636 1359 4713 prtem,
1393 4631 1556 4704 (laninam,
1587 4631 1743 4693 nlrsolrere
1773 4630 1865 4714 frudi.
1899 4633 2089 4716 pronutiare,
2125 4634 2279 4717 stipulari

473 4741 587 4805 daavuu'
618 4739 735 4821 inserti,
769 4758 850 4822 quae
882 4740 961 4802 iuris
991 4737 1129 4801 Romani
1159 4737 1393 4800 consuetudine
1425 4743 1533 4798 sancta
1564 4742 1647 4817 sunt,
1683 4739 1752 4821 ipsa
1784 4741 1913 4804 notione
1948 4742 2086 4802 nimium
2118 4745 2276 4822 quantum

474 4849 576 4911 aliena
599 4852 676 4911 sunt
699 4846 738 4908 ab
760 4845 811 4908 his
835 4845 992 4907 eorrdr'rcm
1016 4865 1128 4906 enrum-
1152 4865 1269 4922 remuu,
1299 4863 1435 4905 arrianum
1457 4863 1594 4905 asserere
1617 4845 1686 4908 sive
1709 4844 1826 4907 inicere
1848 4867 1960 4908 aarum
1984 4866 2108 4914 rerum.-
2139 4865 2276 4928 quarum
2325 4841 2331 4848 “

473 4954 673 5016 locutionum
696 4953 776 5015 ratio
801 4969 837 5013 eo
862 4950 964 5014 solum
987 4951 1113 5014 diversa
1136 4955 1193 5029 est,
1217 4948 1303 5032 quod
1325 4951 1583 5030 interrogationis
1601 4949 1764 5014 Romanae
1786 4951 1888 5014 forma
1911 4953 2119 5016 anacoluthos
2142 4973 2183 5016 ex
2205 4955 2276 5037 ipsa

474 5059 607 5141 rogandi
630 5059 680 5120 dri·
703 5057 782 5140 prud
804 5077 909 5118 carrara
939 5055 1041 5118 forma
1070 5057 1196 5139 pendet.
1238 5075 1336 5139 super
1365 5067 1414 5119 est
1445 5062 1480 5119 ut
1507 5058 1601 5138 quasi
1628 5059 1662 5120 in
1686 5063 1876 5122 transcursu
1900 5077 2047 5122 moneam
2072 5058 2172 5123 Oscae
2196 5060 2276 5143 legis

474 5165 580 5227 verbis
604 5165 792 5246 comparatis
815 5163 886 5226 luce
910 5161 1027 5226 clarius
1050 5180 1203 5245 apparere
1228 5161 1384 5225 formulae
1407 5161 1558 5225 Livianae
1582 5168 1778 5226 structuram
1807 5182 1847 5226 ex
1875 5153 2007 5228 sinceris
2034 5167 2276 5248 antiquissimae

475 5271 666 5333 elocutionis
688 5269 830 5332 fontibus
854 5287 924 5332 θεεθ
947 5269 1131 5331 derivatam.
1170 5268 1226 5332 sed
1249 5287 1356 5350 neque
1380 5269 1462 5332 hanc
1486 5287 1555 5332 rem
1579 5287 1683 5350 neque
1713 5287 1797 5350 quae
1821 5289 1919 5334 causa
1945 5269 2041 5334 fuerit
2064 5271 2152 5334 ltalls
2179 5290 2275 5354 gene-

473 5377 532 5456 ¹tivi
557 5395 627 5438 eam
651 5395 718 5438 rem
742 5375 845 5459 quade
868 5375 1012 5457 litigatur
1035 5374 1325 5456 comprehendendi
1347 5377 1458 5457 paucis
1481 5374 1646 5440 absolvere
1670 5374 1750 5437 licet.
