4982 6622
1114 729 1154 790 13

230 957 379 1024 futurum
413 959 463 1038 sit,
496 964 533 1020 ut
554 958 685 1020 insitam
707 957 830 1020 famiha
853 959 1011 1022 insaniam
1038 959 1171 1040 omittat,
1202 963 1239 1022 ut
1275 960 1308 1022 ei
1341 960 1387 1022 rei
1419 959 1596 1043 temperet?
1627 979 1702 1024 oum
1736 962 1924 1044 praesertim
1957 983 2041 1045 quae

229 1066 420 1128 insecuntur
452 1063 528 1126 bina
562 1063 781 1126 molestiarum
815 1069 846 1126 et
878 1063 1159 1147 perturbationum
1198 1065 1333 1128 crimina
1371 1066 1507 1128 similem
1541 1067 1803 1148 praecedentium
1836 1069 2040 1150 partitionem

229 1169 439 1234 bimembrem
475 1169 650 1252 efflagitare
683 1169 863 1232 videantur.
918 1171 1041 1234 accedit
1074 1170 1158 1252 quod
1190 1171 1318 1234 insania
1346 1177 1378 1235 et
1403 1173 1451 1234 ira
1479 1171 1642 1234 veteribus
1678 1173 1745 1236 solo
1779 1179 1922 1257 tempore
1956 1177 2040 1238 inter

230 1295 264 1340 se
289 1276 415 1340 differre
438 1277 527 1340 visae
551 1281 640 1338 sunt:
675 1294 758 1357 quae
783 1277 890 1358 opinio
920 1277 955 1340 in
982 1276 1144 1359 proverbii
1173 1279 1390 1340 sententinere
1418 1277 1554 1341 formam
1582 1279 1711 1342 redacta
1740 1297 1776 1341 ao
1805 1279 1920 1344 deinde
1943 1282 2039 1345 modo

234 1381 362 1446 Catonis
387 1382 480 1446 modo
505 1381 644 1446 Senecae
667 1382 845 1444 aliorumve
869 1384 1062 1464 sapientium
1087 1382 1180 1446 dictis
1203 1384 1323 1446 inserta
1347 1385 1457 1464 00110.
1482 1401 1565 1466 quae
1589 1384 1740 1448 adnotavi
1766 1387 1801 1448 in
1827 1384 1944 1450 Catone
1968 1407 2041 1452 meo

229 1509 259 1571 p.
286 1489 358 1570 107,
383 1489 444 1565 56).
492 1507 590 1571 quare
615 1507 690 1551 cum
714 1488 859 1552 crimima
883 1494 1040 1570 quaterna
1067 1489 1106 1552 ad
1137 1488 1213 1552 bina
1235 1490 1383 1552 insaniae
1410 1491 1551 1572 iraeque,
1579 1492 1800 1554 molestiarum
1828 1493 2041 1574 perturbatio·

229 1614 374 1676 numque
406 1596 494 1678 paria
524 1595 687 1664 revocavi.
719 1595 967 1658 concinnitatem
999 1596 1078 1659 mihi
1111 1596 1223 1658 videor
1250 1597 1430 1658 restituisse
1458 1596 1547 1659 hand
1578 1597 1668 1660 illam
1697 1619 1715 1660 a
1744 1599 1854 1661 nativo
1887 1601 2040 1664 orationis

230 1701 353 1782 impetu
381 1701 527 1764 ahenam.
573 1701 706 1763 relicum
741 1705 808 1764 erat
836 1707 872 1763 nt
898 1702 1028 1764 tertium
1056 1701 1239 1765 membrum
1266 1703 1403 1784 pristino
1432 1702 1525 1777 nitori
1555 1703 1750 1767 redderetur.
1802 1707 1855 1768 cui
1883 1705 2040 1770 desiderio

229 1807 362 1871 memini
385 1807 558 1888 aliquando
581 1806 735 1870 Ioannem
760 1805 997 1888 Schliohteisen,
1021 1809 1209 1891 disciplinae
1228 1807 1480 1892 Regimontanae
1504 1828 1608 1891 nuper
1630 1810 1809 1890 alumnum,
1832 1832 1919 1876 nuno
1936 1812 2039 1876 Geda-

229 1929 371 1992 censam,
393 1915 437 1975 ita
461 1915 537 1977 satis
561 1913 631 1976 fieri
652 1931 746 1995 posse
770 1914 1012 1995 coniecissent
1037 1915 1229 1979 vocabulum
1251 1915 1406 1995 (Insistam,
1427 1917 1461 1977 10
1487 1935 1550 1997 000
1574 1917 1762 2000 corrigendo
1787 1919 1838 1980 vel
1861 1920 2038 1982 traiciendo

229 2036 307 2082 sane
329 2019 449 2082 frustra
472 2019 578 2082 adhuc
602 2018 799 2082 elaboratum
824 2024 880 2099 est,
904 2021 1046 2102 eiciatur,
1074 2021 1223 2086 videlicet
1250 2021 1396 2084 additum
1420 2021 1578 2085 electore
1607 2023 1715 2105 aliquo
1744 2024 1826 2087 male
1850 2027 1957 2108 sciolo,
1984 2028 2037 2090 cui

227 2125 313 2188 istud
334 2125 475 2188 desinere
490 2125 600 2206 aliquo
616 2145 650 2186 rc
666 2147 684 2188 a
701 2127 908 2208 grammatica
923 2125 1093 2191 abhorrere
1112 2128 1281 2191 videretur.
1311 2129 1363 2190 cui
1379 2129 1582 2191 coniecturae
1597 2148 1686 2192 nunc
1703 2149 1833 2213 quoque
1852 2132 2036 2215 adstipnlor.

1101 2321 1160 2386 ΙΠ.

386 2443 508 2508 Notum
533 2451 582 2506 est
599 2449 765 2526 praesente
780 2445 832 2508 vel
847 2445 972 2508 absente
987 2445 1088 2524 00110,
1108 2446 1412 2527 praeeminentiora,
1437 2447 1554 2529 Iopolis,
1579 2447 1717 2529 testibus,
1742 2449 1802 2530 bis,
1826 2452 1897 2514 suis
1916 2453 2038 2517 dixisse

228 2548 380 2614 Plautum
405 2551 537 2633 (Amph.
566 2548 651 2632 140),
680 2550 866 2614 Terentium
889 2549 986 2630 (Eun.
1012 2549 1101 2636 649),
1134 2527 1357 2634 Pomponium,
1387 2551 1568 2635 Afranium,
1599 2555 1745 2635 Accium,
1773 2555 1952 2622 Varronem
1986 2561 2035 2642 (in

228 2661 336 2720 satura
359 2657 447 2720 etin
471 2657 643 2739 epistulis),
667 2655 891 2720 Fenestellam:
923 2677 1058 2738 quorum
1083 2658 1229 2740 exempla
1252 2675 1270 2720 0
1292 2659 1408 2741 glossis
1432 2660 1650 2742 antiquiorum
1674 2665 1956 2744 grammaticorum
1982 2667 2035 2730 de·

229 2769 415 2844 carpserunt
430 2761 576 2826 Donatus
592 2762 646 2844 (ad
660 2762 743 2826 illud
758 2761 898 2826 Terentii
921 2762 1046 2826 absente
1068 2765 1173 2846 nobis)
1202 2770 1233 2828 et
1247 2763 1277 2826 N
1280 2767 1375 2829 onius
1398 2788 1427 2850 p.
1447 2767 1496 2828 76.
1515 2767 1586 2828 154.
1619 2768 1706 2830 unde
1722 2767 1878 2851 Iosephus
1894 2770 2036 2856 Scaliger

227 2866 343 2932 Plauto
366 2867 563 2932 Bacchidnm
588 2889 617 2932 v.
646 2869 707 2930 142
732 2867 770 2932 R.
803 2873 913 2932 contra
945 2870 1093 2934 codicum
1125 2872 1313 2934 memoriam
1331 2877 1499 2954 praesente
1522 2871 1596 2936 ibus
1618 2875 1757 2937 restituit
1780 2877 1902 2939 ratione
1926 2883 2034 2942 tamen

225 2974 280 3036 ille
302 2993 416 3056 parum
440 2974 596 3057 probabili
619 2995 713 3039 usus:
739 2981 772 3038 at
793 2993 927 3057 prorsus
951 2983 1036 3040 certa
1051 2976 1206 3040 Bombius
1230 2978 1461 3041 dissertationis
1485 2979 1523 3042 de
1547 2978 1685 3042 ablativo
1710 2979 1854 3044 absoluto
1871 2982 2033 3067 Gryphiae

227 3101 252 3140 a.
285 3081 366 3142 1877
401 3081 504 3144 editae
536 3102 565 3164 p.
593 3083 635 3143 42
670 3079 839 3143 Cornificio
871 3082 1052 3145 rhetoricon
1084 3083 1141 3162 IV,
1167 3085 1216 3156 ll,
1239 3083 1278 3144 16
1311 3084 1346 3147 id
1377 3085 1463 3166 quod
1495 3085 1530 3146 in
1561 3087 1863 3150 commentariorum
1895 3087 2032 3170 Kayseri

225 3185 384 3268 farragine
408 3186 614 3250 delitescebat
632 3191 797 3270 praesente
819 3188 932 3250 inullis
951 3189 1135 3252 clamitavit.
1185 3190 1304 3253 scilieet
1326 3190 1406 3253 baec
1437 3189 1536 3254 verba
1568 3193 1602 3253 in
1627 3193 1672 3254 eis
1705 3191 1881 3275 codicibus,
1914 3196 2033 3278 quibus

227 3291 302 3354 solis
333 3293 368 3354 in
392 3292 448 3355 tali
480 3312 514 3355 re
548 3293 628 3356 fides
652 3298 784 3368 constet,
809 3291 1081 3376 Wircebnrgensi,
1105 3295 1263 3376 Parisino,
1285 3295 1452 3376 Bernensi,
1481 3297 1625 3379 aprima
1647 3317 1745 3359 manu
1770 3301 1888 3382 scripta
1911 3309 2034 3384 extare,

228 3397 401 3460 secundam
435 3397 575 3480 aliquam
607 3400 641 3460 in
665 3397 825 3462 Bernensi
847 3397 1058 3481 Parisinoqne
1088 3401 1353 3484 interpolatorum
1383 3402 1553 3465 lectionem
1580 3403 1805 3486 praesentibus
1837 3407 2030 3490 ascripsisse,

227 3521 330 3586 nuper
352 3504 430 3566 milri
454 3505 635 3586 sciscitanti,
660 3505 738 3586 quid
761 3504 914 3567 hocloco
938 3503 1076 3585 Kayseri
1107 3508 1299 3570 testimoniis
1322 3507 1410 3570 haud
1434 3509 1533 3570 semel
1556 3507 1726 3572 fallacibus
1750 3509 1957 3574 tribuendum
1982 3516 2032 3596 sit,

227 3608 428 3673 confirmavit
447 3608 640 3674 Franciscns
656 3609 853 3674 Schmidtins
871 3609 1133 3692 Gumbinnensis,
1155 3613 1284 3677 futurus
1309 3614 1422 3676 horum
1445 3613 1601 3678 librorum
1626 3615 1735 3678 editor.
1782 3623 1911 3699 apparet
1933 3620 2033 3701 igitur

226 3734 330 3797 usque
363 3715 404 3778 ad
427 3714 590 3780 Ciceronis
618 3720 753 3780 aetatem
784 3717 998 3780 tersissimum
1034 3737 1195 3802 quemque
1218 3721 1402 3803 scriptorem
1426 3720 1487 3782 hoc
1510 3719 1735 3798 anacoluthon,
1769 3722 1854 3804 quod
1883 3726 2032 3807 populari

226 3821 459 3885 consuetudine
473 3821 747 3904 frequentabatur,
761 3823 875 3886 litteris
890 3842 1091 3907 propagasse.
1130 3833 1239 3909 postea
1259 3845 1322 3908 qno
1342 3827 1415 3908 quis
1432 3824 1574 3890 limatius
1591 3825 1750 3890 scribebat
1765 3845 1803 3890 eo
1819 3831 1920 3912 magis
1936 3835 2033 3895 anxie

226 3928 300 3990 talia
324 3927 499 3990 devitabat:
525 3937 561 3992 nt
584 3947 647 3992 non
672 3930 792 3992 mirum
816 3929 856 3992 sit
879 3947 987 4012 00000
1010 3932 1096 4012 apud
1110 3931 1253 3995 Tullium
1276 3932 1331 3994 illa
1353 3931 1480 3994 ahsente
1503 3938 1535 3994 et
1551 3938 1718 4015 praesente
1741 3933 1792 3995 lais
1814 3935 1947 3999 inventa
1964 3956 2034 4001 esse

225 4053 284 4098 nec
306 4039 431 4115 praeter
453 4033 675 4115 Fenestellam,
702 4035 953 4118 haudquaquam
976 4037 1120 4101 sincerae
1144 4043 1370 4122 spectataeque
1393 4038 1559 4102 latinitatis
1584 4045 1758 4120 auctorem,
1791 4043 1923 4106 omnino
1947 4045 2033 4126 apud

225 4139 374 4202 classicos
408 4139 614 4223 urbanosque
646 4142 815 4224 scriptores
847 4141 1075 4224 imperatorum
1109 4144 1267 4227 aequales.
1314 4145 1369 4207 sed
1402 4153 1492 4208 entra
1515 4163 1569 4208 eos
1592 4146 1755 4228 terminos,
1788 4149 1844 4228 qui
1875 4167 2033 4230 gramma-

225 4247 370 4311 tistarum
396 4245 533 4310 decretis
555 4246 684 4310 cultiori
700 4248 839 4310 sermoni
854 4253 1007 4330 tanquam
1025 4249 1151 4312 cuidam
1168 4251 1238 4312 viae
1254 4249 1401 4333 publicae
1417 4252 1569 4314 constitui
1586 4250 1698 4331 solent,
1720 4251 1853 4316 liberius
1869 4253 2033 4338 latiusque
2088 4307 2092 4320 .

225 4352 306 4416 illud
329 4353 544 4416 anacoluthon
567 4354 601 4416 in
624 4353 729 4436 plebei
751 4355 908 4418 sermonis
931 4355 1115 4419 tramitibus
1139 4357 1300 4440 serpsisse,
1324 4375 1412 4419 nnnc
1435 4363 1520 4419 carto
1544 4363 1668 4420 constat
1687 4358 1771 4420 tituli
1788 4358 1927 4442 alicuius
1943 4363 2031 4424 testi-

225 4459 332 4521 monio
366 4478 443 4522 casu
477 4460 663 4541 superstitis
708 4460 787 4522 haec
819 4460 904 4523 enim
938 4481 978 4524 ex
1011 4462 1115 4545 lapide
1139 4463 1308 4545 Aquileiae
1338 4469 1461 4545 reperto
1489 4468 1636 4527 accurate
1660 4465 1786 4546 excepit
1808 4463 2030 4532 Mommsenus

225 4562 293 4628 CIL
310 4564 349 4646 V,
364 4565 442 4628 895:
467 4565 546 4646 11110)
574 4565 754 4649 1010011001
781 4566 903 4649 l(infra
926 4587 1019 4651 opere
1043 4569 1223 4652 anaglypho
1248 4569 1307 4631 ‘vir
1331 4588 1406 4632 cum
1429 4569 1527 4650 hasta,
1550 4588 1633 4652 pone
1657 4589 1777 4652 equum
1803 4576 1915 4634 tenens
1938 4573 2028 4655 puer’

223 4669 319 4734 efficti
341 4675 428 4746 suntl
448 4671 452 4753 l
473 4671 627 4734 riurclius
644 4671 807 4736 Florianus
829 4673 913 4756 optio
937 4675 1096 4758 agana)
1122 4674 1183 4737 XI
1205 4675 1356 4738 ozanam
1376 4675 1380 4757 l
1400 4695 1564 4738 carnorum
1587 4673 1750 4755 XXXX,
1775 4676 1834 4758 qui
1853 4675 1857 4760 1
1877 4678 2031 4742 0011110011

223 4777 355 4858 carmos)
381 4775 443 4840 XI
447 4777 496 4859 Vl
517 4783 546 4840 et
568 4779 652 4860 optio
674 4777 807 4862 arcados)
832 4778 887 4840 X:
906 4780 1021 4862 posuit
1043 4780 1174 4844 11101001
1197 4782 1292 4844 (barro
1315 4781 1480 4866 astante
1504 4781 1655 4845 civibus
1679 4782 1761 4846 suis
1793 4782 1978 4866 impons-im)
2005 4805 2031 4848 n

225 4883 299 4965 (hoc
322 4887 370 4946 est
393 4883 614 4966 decommum)
638 4891 672 4946 ri.
719 4886 753 4948 in
778 4904 841 4968 000
865 4886 957 4948 titulo
993 4887 1081 4968 quod
1108 4887 1213 4950 solum
1246 4889 1357 4968 quaeri
1379 4893 1490 4970 potest,
1523 4889 1601 4970 quid
1633 4889 1674 4951 sit
1707 4888 1799 4975 quod¹
1821 4889 1876 4952 ille
1904 4895 2028 4952 astante

223 4988 346 5051 0101100
370 4987 498 5052 titulum
522 5009 557 5054 se
580 4991 726 5072 posuisse
745 4990 836 5071 dicat,
858 4991 892 5054 id
910 5011 992 5075 nego
1008 4992 1214 5076 probabiliter
1229 4993 1311 5055 solvi
1328 5012 1432 5075 posse,
1455 4995 1518 5058 nisi
1534 5014 1702 5060 sumamus
1718 4993 1841 5057 bonum
1857 4997 2028 5077 optionem,

224 5093 352 5158 militari
382 5095 468 5160 vitae
491 5103 528 5159 ut
558 5097 672 5178 opinor
702 5115 800 5179 quam
824 5097 895 5160 stilo
918 5099 1084 5162 tractando
1107 5101 1209 5183 magis
1232 5099 1463 5182 adsuefactam,
1485 5106 1608 5164 astante
1630 5100 1754 5163 0101100
1776 5100 1847 5162 aurs
1869 5101 2029 5183 r'rnpcnar's

222 5201 317 5282 paulo
341 5201 542 5282 insolentius,
563 5221 676 5266 verum
701 5221 766 5266 000
787 5223 919 5286 prorsus
943 5210 1054 5269 contra
1075 5203 1181 5269 Latini
1203 5207 1361 5269 sermonis
1387 5227 1482 5270 usum
1505 5225 1563 5288 pro
1586 5205 1759 5270 0111000010
1782 5207 1910 5271 dixisse.
1944 5213 2029 5272 certe

222 5305 341 5370 forensi
356 5309 590 5372 cousuetudine
608 5327 683 5372 cnm
698 5308 824 5390 patroni
847 5309 1017 5375 clientibus
1040 5317 1143 5374 astare
1163 5311 1324 5393 dicuntur,
1341 5311 1466 5375 astandi
1482 5313 1643 5376 uodonem
1664 5313 1704 5376 ad
1721 5313 1898 5377 adiuvandi
1915 5333 2027 5377 cruam

222 5410 427 5495 officiumque
458 5415 645 5478 translatam
677 5431 746 5480 esse
778 5423 916 5499 apparet.
971 5423 1003 5480 at
1033 5417 1190 5500 pluralem
1223 5419 1316 5482 illum
1351 5417 1559 5482 anacoluthos
1595 5418 1752 5502 singulari
1784 5420 1942 5502 participii
1974 5419 2031 5482 ad·
