<?xml version="1.0" encoding="UTF-8"?>
<!DOCTYPE html PUBLIC "-//W3C//DTD XHTML 1.0 Transitional//EN"
    "http://www.w3.org/TR/xhtml1/DTD/xhtml1-transitional.dtd">
<html xmlns="http://www.w3.org/1999/xhtml" xml:lang="en" lang="en">
 <head>
  <title>
</title>
<meta http-equiv="Content-Type" content="text/html;charset=utf-8" />
  <meta name='ocr-system' content='tesseract 3.04.00' />
  <meta name='ocr-capabilities' content='ocr_page ocr_carea ocr_par ocr_line ocrx_word'/>
</head>
<body>
  <div class='ocr_page' id='page_1' title='image "./vindiciaesermon00jordgoog_0020.png"; bbox 0 0 4982 6622; ppageno 0'>
   <div class='ocr_carea' id='block_1_1' title="bbox 1345 705 1385 768">
    <p class='ocr_par' dir='ltr' id='par_1_1' title="bbox 1345 705 1385 768">
     <span class='ocr_line' id='line_1_1' title="bbox 1345 705 1385 768; baseline -0.025 0"><span class='ocrx_word' id='word_1_1' title='bbox 1345 705 1385 768; x_wconf 89' lang='grc'>16</span> 
     </span>
    </p>
   </div>
   <div class='ocr_carea' id='block_1_2' title="bbox 1259 795 1472 804">
    <p class='ocr_par' dir='ltr' id='par_1_2' title="bbox 1259 795 1472 804">
     <span class='ocr_line' id='line_1_2' title="bbox 1259 795 1472 804; baseline 0.014 -3"><span class='ocrx_word' id='word_1_2' title='bbox 1259 795 1472 804; x_wconf 80' lang='lat'><strong>—-—..-</strong></span> 
     </span>
    </p>
   </div>
   <div class='ocr_carea' id='block_1_3' title="bbox 428 931 2272 5478">
    <p class='ocr_par' dir='ltr' id='par_1_3' title="bbox 428 931 2272 5478">
     <span class='ocr_line' id='line_1_3' title="bbox 457 931 2271 1026; baseline 0.007 -29"><span class='ocrx_word' id='word_1_3' title='bbox 457 931 576 1014; x_wconf 84' lang='lat' dir='ltr'>Studia</span> <span class='ocrx_word' id='word_1_4' title='bbox 589 931 728 1013; x_wconf 81' lang='lat' dir='ltr'>Festina,</span> <span class='ocrx_word' id='word_1_5' title='bbox 744 953 785 996; x_wconf 78' lang='lat' dir='ltr'>ex</span> <span class='ocrx_word' id='word_1_6' title='bbox 798 935 1010 1017; x_wconf 75' lang='lat' dir='ltr'>ephemeride,</span> <span class='ocrx_word' id='word_1_7' title='bbox 1027 953 1109 1018; x_wconf 91' lang='lat' dir='ltr'>quae</span> <span class='ocrx_word' id='word_1_8' title='bbox 1122 934 1309 998; x_wconf 82' lang='lat' dir='ltr'><strong>inscribitur</strong></span> <span class='ocrx_word' id='word_1_9' title='bbox 1324 935 1529 1020; x_wconf 73' lang='lat' dir='ltr'>‘ungarische</span> <span class='ocrx_word' id='word_1_10' title='bbox 1544 935 1675 1019; x_wconf 91' lang='lat' dir='ltr'>Revue&#39;,</span> <span class='ocrx_word' id='word_1_11' title='bbox 1692 956 1836 1002; x_wconf 90' lang='lat' dir='ltr'>seorsum</span> <span class='ocrx_word' id='word_1_12' title='bbox 1854 957 2004 1021; x_wconf 83' lang='lat' dir='ltr'>expressa</span> <span class='ocrx_word' id='word_1_13' title='bbox 2023 947 2055 1004; x_wconf 91' lang='lat' dir='ltr'>et</span> <span class='ocrx_word' id='word_1_14' title='bbox 2070 943 2271 1026; x_wconf 90' lang='lat' dir='ltr'>perhumano</span> 
     </span>
     <span class='ocr_line' id='line_1_4' title="bbox 458 1035 2272 1133; baseline 0.007 -31"><span class='ocrx_word' id='word_1_15' title='bbox 458 1041 621 1122; x_wconf 86' lang='lat' dir='ltr'>scriptoris</span> <span class='ocrx_word' id='word_1_16' title='bbox 656 1035 789 1102; x_wconf 80' lang='lat' dir='ltr'>oonsilio</span> <span class='ocrx_word' id='word_1_17' title='bbox 824 1059 951 1104; x_wconf 90' lang='lat' dir='ltr'>mecum</span> <span class='ocrx_word' id='word_1_18' title='bbox 987 1041 1222 1104; x_wconf 88' lang='lat' dir='ltr'>communicata</span> <span class='ocrx_word' id='word_1_19' title='bbox 1256 1043 1373 1105; x_wconf 83' lang='lat' dir='ltr'>veteris</span> <span class='ocrx_word' id='word_1_20' title='bbox 1409 1044 1655 1122; x_wconf 87' lang='lat' dir='ltr'>controversiae,</span> <span class='ocrx_word' id='word_1_21' title='bbox 1691 1063 1772 1126; x_wconf 89' lang='lat' dir='ltr'>quae</span> <span class='ocrx_word' id='word_1_22' title='bbox 1796 1049 1843 1107; x_wconf 92' lang='lat' dir='ltr'>est</span> <span class='ocrx_word' id='word_1_23' title='bbox 1866 1045 1905 1108; x_wconf 90' lang='lat' dir='ltr'>de</span> <span class='ocrx_word' id='word_1_24' title='bbox 1928 1048 2073 1128; x_wconf 85' lang='lat' dir='ltr'>quandoc</span> <span class='ocrx_word' id='word_1_25' title='bbox 2104 1052 2272 1133; x_wconf 85' lang='lat' dir='ltr'>scriptura,</span> 
     </span>
     <span class='ocr_line' id='line_1_5' title="bbox 457 1145 2268 1238; baseline 0.006 -29"><span class='ocrx_word' id='word_1_26' title='bbox 457 1147 645 1210; x_wconf 80' lang='lat' dir='ltr'>memoriam</span> <span class='ocrx_word' id='word_1_27' title='bbox 669 1147 701 1208; x_wconf 89' lang='lat' dir='ltr'>in</span> <span class='ocrx_word' id='word_1_28' title='bbox 727 1151 869 1228; x_wconf 89' lang='lat' dir='ltr'>tempore</span> <span class='ocrx_word' id='word_1_29' title='bbox 893 1147 972 1208; x_wconf 90' lang='lat' dir='ltr'>mihi</span> <span class='ocrx_word' id='word_1_30' title='bbox 996 1148 1201 1210; x_wconf 87' lang='lat' dir='ltr'>suscitarunt.</span> <span class='ocrx_word' id='word_1_31' title='bbox 1250 1148 1336 1230; x_wconf 90' lang='lat' dir='ltr'>apud</span> <span class='ocrx_word' id='word_1_32' title='bbox 1360 1149 1498 1212; x_wconf 89' lang='lat' dir='ltr'>eundem</span> <span class='ocrx_word' id='word_1_33' title='bbox 1524 1152 1610 1212; x_wconf 91' lang='lat' dir='ltr'>euim</span> <span class='ocrx_word' id='word_1_34' title='bbox 1624 1150 1754 1216; x_wconf 78' lang='lat' dir='ltr'>Festum</span> <span class='ocrx_word' id='word_1_35' title='bbox 1777 1169 1805 1233; x_wconf 93' lang='lat' dir='ltr'>p.</span> <span class='ocrx_word' id='word_1_36' title='bbox 1824 1145 1888 1213; x_wconf 82' lang='lat'>258</span> <span class='ocrx_word' id='word_1_37' title='bbox 1913 1151 1931 1213; x_wconf 89' lang='lat' dir='ltr'>b</span> <span class='ocrx_word' id='word_1_38' title='bbox 1954 1154 1975 1214; x_wconf 81' lang='lat'>4</span> <span class='ocrx_word' id='word_1_39' title='bbox 1998 1154 2077 1218; x_wconf 87' lang='lat' dir='ltr'>haec</span> <span class='ocrx_word' id='word_1_40' title='bbox 2099 1155 2268 1238; x_wconf 86' lang='lat' dir='ltr'>leguntur:</span> 
     </span>
     <span class='ocr_line' id='line_1_6' title="bbox 459 1249 2266 1337; baseline 0.007 -23"><span class='ocrx_word' id='word_1_41' title='bbox 459 1249 612 1335; x_wconf 81' lang='lat' dir='ltr'>(quando)</span> <span class='ocrx_word' id='word_1_42' title='bbox 636 1300 642 1314; x_wconf 90' lang='lat'>.</span> <span class='ocrx_word' id='word_1_43' title='bbox 668 1300 673 1312; x_wconf 96' lang='lat'>.</span> <span class='ocrx_word' id='word_1_44' title='bbox 697 1252 732 1314; x_wconf 76' lang='lat' dir='ltr'>in</span> <span class='ocrx_word' id='word_1_45' title='bbox 767 1251 850 1314; x_wconf 86' lang='lat' dir='ltr'>XII</span> <span class='ocrx_word' id='word_1_46' title='bbox 879 1253 1006 1335; x_wconf 82' lang='lat' dir='ltr'>qm&#39;dcrrr</span> <span class='ocrx_word' id='word_1_47' title='bbox 1042 1252 1087 1328; x_wconf 90' lang='lat' dir='ltr'>(id</span> <span class='ocrx_word' id='word_1_48' title='bbox 1122 1259 1170 1316; x_wconf 90' lang='lat' dir='ltr'>est</span> <span class='ocrx_word' id='word_1_49' title='bbox 1199 1255 1235 1315; x_wconf 93' lang='lat' dir='ltr'>in</span> <span class='ocrx_word' id='word_1_50' title='bbox 1268 1253 1338 1336; x_wconf 86' lang='lat' dir='ltr'>lege</span> <span class='ocrx_word' id='word_1_51' title='bbox 1361 1253 1428 1318; x_wconf 92' lang='lat' dir='ltr'>XII</span> <span class='ocrx_word' id='word_1_52' title='bbox 1462 1255 1660 1337; x_wconf 87' lang='lat' dir='ltr'>tabularum)</span> <span class='ocrx_word' id='word_1_53' title='bbox 1694 1277 1769 1320; x_wconf 83' lang='lat' dir='ltr'>carn</span> <span class='ocrx_word' id='word_1_54' title='bbox 1791 1277 1808 1319; x_wconf 86' lang='lat' dir='ltr'>c</span> <span class='ocrx_word' id='word_1_55' title='bbox 1831 1257 1935 1320; x_wconf 80' lang='lat' dir='ltr'>llttera</span> <span class='ocrx_word' id='word_1_56' title='bbox 1963 1259 2079 1324; x_wconf 77' lang='lat' dir='ltr'>altimo</span> <span class='ocrx_word' id='word_1_57' title='bbox 2104 1261 2266 1326; x_wconf 70' lang='lat' dir='ltr'>scribitur.</span> 
     </span>
     <span class='ocr_line' id='line_1_7' title="bbox 456 1358 2269 1448; baseline 0.007 -27"><span class='ocrx_word' id='word_1_58' title='bbox 456 1358 549 1421; x_wconf 84' lang='lat' dir='ltr'>fuere</span> <span class='ocrx_word' id='word_1_59' title='bbox 582 1359 636 1441; x_wconf 90' lang='lat' dir='ltr'>qui</span> <span class='ocrx_word' id='word_1_60' title='bbox 670 1359 753 1422; x_wconf 89' lang='lat' dir='ltr'>hano</span> <span class='ocrx_word' id='word_1_61' title='bbox 786 1359 905 1422; x_wconf 87' lang='lat' dir='ltr'>codicis</span> <span class='ocrx_word' id='word_1_62' title='bbox 933 1359 1123 1441; x_wconf 80' lang='lat' dir='ltr'>scripturam</span> <span class='ocrx_word' id='word_1_63' title='bbox 1156 1365 1379 1444; x_wconf 78' lang='lat' dir='ltr'>attemptarent</span> <span class='ocrx_word' id='word_1_64' title='bbox 1402 1366 1457 1424; x_wconf 91' lang='lat' dir='ltr'>aut</span> <span class='ocrx_word' id='word_1_65' title='bbox 1479 1362 1501 1424; x_wconf 88' lang='lat' dir='ltr'>d</span> <span class='ocrx_word' id='word_1_66' title='bbox 1523 1367 1581 1425; x_wconf 86' lang='lat' dir='ltr'>aut</span> <span class='ocrx_word' id='word_1_67' title='bbox 1603 1384 1618 1424; x_wconf 86' lang='lat' dir='ltr'>e</span> <span class='ocrx_word' id='word_1_68' title='bbox 1640 1362 1745 1425; x_wconf 90' lang='lat' dir='ltr'>littera</span> <span class='ocrx_word' id='word_1_69' title='bbox 1767 1363 1877 1444; x_wconf 87' lang='lat' dir='ltr'>inlata,</span> <span class='ocrx_word' id='word_1_70' title='bbox 1900 1370 1938 1428; x_wconf 92' lang='lat' dir='ltr'>ut</span> <span class='ocrx_word' id='word_1_71' title='bbox 1960 1371 2016 1428; x_wconf 89' lang='lat' dir='ltr'>aut</span> <span class='ocrx_word' id='word_1_72' title='bbox 2039 1369 2191 1448; x_wconf 81' lang='lat' dir='ltr'>quandod</span> <span class='ocrx_word' id='word_1_73' title='bbox 2212 1375 2269 1433; x_wconf 89' lang='lat' dir='ltr'>aut</span> 
     </span>
     <span class='ocr_line' id='line_1_8' title="bbox 460 1463 2270 1556; baseline 0.006 -29"><span class='ocrx_word' id='word_1_74' title='bbox 460 1465 606 1549; x_wconf 73' lang='lat' dir='ltr'>quaraclae</span> <span class='ocrx_word' id='word_1_75' title='bbox 628 1466 692 1548; x_wconf 80' lang='lat' dir='ltr'>legi</span> <span class='ocrx_word' id='word_1_76' title='bbox 714 1463 782 1527; x_wconf 88' lang='lat' dir='ltr'>XII</span> <span class='ocrx_word' id='word_1_77' title='bbox 809 1465 991 1529; x_wconf 86' lang='lat' dir='ltr'>tabularum</span> <span class='ocrx_word' id='word_1_78' title='bbox 1017 1467 1204 1530; x_wconf 90' lang='lat' dir='ltr'>insererent.</span> <span class='ocrx_word' id='word_1_79' title='bbox 1251 1485 1389 1550; x_wconf 90' lang='lat' dir='ltr'>quorum</span> <span class='ocrx_word' id='word_1_80' title='bbox 1418 1467 1478 1530; x_wconf 92' lang='lat' dir='ltr'>hoc</span> <span class='ocrx_word' id='word_1_81' title='bbox 1508 1468 1637 1550; x_wconf 89' lang='lat' dir='ltr'>quidem</span> <span class='ocrx_word' id='word_1_82' title='bbox 1667 1470 1711 1531; x_wconf 90' lang='lat' dir='ltr'>ita</span> <span class='ocrx_word' id='word_1_83' title='bbox 1738 1470 1826 1532; x_wconf 91' lang='lat' dir='ltr'>omni</span> <span class='ocrx_word' id='word_1_84' title='bbox 1855 1471 1977 1532; x_wconf 88' lang='lat' dir='ltr'>ratione</span> <span class='ocrx_word' id='word_1_85' title='bbox 2002 1471 2190 1536; x_wconf 89' lang='lat' dir='ltr'>destitutum</span> <span class='ocrx_word' id='word_1_86' title='bbox 2214 1479 2270 1556; x_wconf 90' lang='lat' dir='ltr'>est,</span> 
     </span>
     <span class='ocr_line' id='line_1_9' title="bbox 460 1571 2266 1661; baseline 0.005 -26"><span class='ocrx_word' id='word_1_87' title='bbox 460 1579 498 1636; x_wconf 92' lang='lat' dir='ltr'>ut</span> <span class='ocrx_word' id='word_1_88' title='bbox 520 1573 640 1635; x_wconf 85' lang='lat' dir='ltr'>frustra</span> <span class='ocrx_word' id='word_1_89' title='bbox 669 1573 875 1653; x_wconf 78' lang='lat' dir='ltr'>quaesiveris,</span> <span class='ocrx_word' id='word_1_90' title='bbox 904 1593 968 1656; x_wconf 93' lang='lat' dir='ltr'>quo</span> <span class='ocrx_word' id='word_1_91' title='bbox 997 1572 1092 1635; x_wconf 92' lang='lat' dir='ltr'>modo</span> <span class='ocrx_word' id='word_1_92' title='bbox 1121 1571 1295 1635; x_wconf 89' lang='lat' dir='ltr'>Rudollum</span> <span class='ocrx_word' id='word_1_93' title='bbox 1320 1573 1495 1637; x_wconf 83' lang='lat' dir='ltr'>Sohbllium</span> <span class='ocrx_word' id='word_1_94' title='bbox 1520 1579 1691 1657; x_wconf 86' lang='lat' dir='ltr'>patronum</span> <span class='ocrx_word' id='word_1_95' title='bbox 1719 1578 1859 1639; x_wconf 86' lang='lat' dir='ltr'>nancisei</span> <span class='ocrx_word' id='word_1_96' title='bbox 1888 1579 2029 1660; x_wconf 90' lang='lat' dir='ltr'>potuerit</span> <span class='ocrx_word' id='word_1_97' title='bbox 2056 1579 2266 1661; x_wconf 89' lang='lat' dir='ltr'>reliquiarum</span> 
     </span>
     <span class='ocr_line' id='line_1_10' title="bbox 458 1678 2268 1768; baseline 0.004 -26"><span class='ocrx_word' id='word_1_98' title='bbox 458 1681 541 1762; x_wconf 90' lang='lat' dir='ltr'>legis</span> <span class='ocrx_word' id='word_1_99' title='bbox 560 1679 648 1742; x_wconf 93' lang='lat' dir='ltr'>illius</span> <span class='ocrx_word' id='word_1_100' title='bbox 672 1679 719 1740; x_wconf 90' lang='lat' dir='ltr'>ed.</span> <span class='ocrx_word' id='word_1_101' title='bbox 743 1699 772 1761; x_wconf 93' lang='lat' dir='ltr'>p.</span> <span class='ocrx_word' id='word_1_102' title='bbox 792 1679 843 1758; x_wconf 84' lang='lat'>65,</span> <span class='ocrx_word' id='word_1_103' title='bbox 866 1680 946 1744; x_wconf 89' lang='lat' dir='ltr'>illud</span> <span class='ocrx_word' id='word_1_104' title='bbox 970 1681 1084 1742; x_wconf 92' lang='lat' dir='ltr'>merito</span> <span class='ocrx_word' id='word_1_105' title='bbox 1109 1680 1247 1761; x_wconf 84' lang='lat' dir='ltr'>explosit</span> <span class='ocrx_word' id='word_1_106' title='bbox 1261 1678 1446 1743; x_wconf 82' lang='lat' dir='ltr'>Theodorus</span> <span class='ocrx_word' id='word_1_107' title='bbox 1463 1679 1622 1763; x_wconf 89' lang='lat' dir='ltr'>Bergkius</span> <span class='ocrx_word' id='word_1_108' title='bbox 1638 1679 1862 1760; x_wconf 84' lang='lat' dir='ltr'>Symbolarum</span> <span class='ocrx_word' id='word_1_109' title='bbox 1881 1682 1920 1744; x_wconf 86' lang='lat' dir='ltr'>ad</span> <span class='ocrx_word' id='word_1_110' title='bbox 1936 1702 2069 1764; x_wconf 86' lang='lat' dir='ltr'>gramm.</span> <span class='ocrx_word' id='word_1_111' title='bbox 2086 1685 2138 1748; x_wconf 89' lang='lat' dir='ltr'>lat.</span> <span class='ocrx_word' id='word_1_112' title='bbox 2163 1707 2189 1768; x_wconf 92' lang='lat' dir='ltr'>p.</span> <span class='ocrx_word' id='word_1_113' title='bbox 2217 1685 2268 1748; x_wconf 83' lang='lat'>29.</span> 
     </span>
     <span class='ocr_line' id='line_1_11' title="bbox 461 1783 2269 1875; baseline 0.005 -28"><span class='ocrx_word' id='word_1_114' title='bbox 461 1785 583 1848; x_wconf 88' lang='lat' dir='ltr'>scilicet</span> <span class='ocrx_word' id='word_1_115' title='bbox 606 1785 752 1866; x_wconf 77' lang='lat' dir='ltr'>qaaundm</span> <span class='ocrx_word' id='word_1_116' title='bbox 775 1784 896 1848; x_wconf 90' lang='lat' dir='ltr'>abiecta</span> <span class='ocrx_word' id='word_1_117' title='bbox 920 1785 1024 1847; x_wconf 88' lang='lat' dir='ltr'>vocali</span> <span class='ocrx_word' id='word_1_118' title='bbox 1053 1803 1070 1848; x_wconf 91' lang='lat' dir='ltr'>e</span> <span class='ocrx_word' id='word_1_119' title='bbox 1099 1783 1289 1867; x_wconf 74' lang='lat' dir='ltr'>quandoque</span> <span class='ocrx_word' id='word_1_120' title='bbox 1316 1785 1436 1848; x_wconf 88' lang='lat' dir='ltr'>factum</span> <span class='ocrx_word' id='word_1_121' title='bbox 1465 1805 1535 1850; x_wconf 86' lang='lat' dir='ltr'>esse</span> <span class='ocrx_word' id='word_1_122' title='bbox 1562 1787 1660 1870; x_wconf 90' lang='lat' dir='ltr'>probe</span> <span class='ocrx_word' id='word_1_123' title='bbox 1687 1789 1715 1850; x_wconf 91' lang='lat' dir='ltr'>is</span> <span class='ocrx_word' id='word_1_124' title='bbox 1749 1788 1918 1851; x_wconf 82' lang='lat' dir='ltr'>intellexit.</span> <span class='ocrx_word' id='word_1_125' title='bbox 1967 1793 1999 1850; x_wconf 89' lang='lat' dir='ltr'>at</span> <span class='ocrx_word' id='word_1_126' title='bbox 2025 1808 2115 1853; x_wconf 89' lang='lat' dir='ltr'>nunc</span> <span class='ocrx_word' id='word_1_127' title='bbox 2139 1792 2269 1875; x_wconf 89' lang='lat' dir='ltr'>quidem</span> 
     </span>
     <span class='ocr_line' id='line_1_12' title="bbox 462 1889 2269 1970; baseline 0.004 -15"><span class='ocrx_word' id='word_1_128' title='bbox 462 1889 742 1955; x_wconf 87' lang='lat' dir='ltr'>observationibus</span> <span class='ocrx_word' id='word_1_129' title='bbox 765 1893 827 1953; x_wconf 89' lang='lat' dir='ltr'>viri</span> <span class='ocrx_word' id='word_1_130' title='bbox 864 1891 1041 1954; x_wconf 79' lang='lat' dir='ltr'>doctissimi</span> <span class='ocrx_word' id='word_1_131' title='bbox 1075 1890 1173 1970; x_wconf 90' lang='lat' dir='ltr'>illius,</span> <span class='ocrx_word' id='word_1_132' title='bbox 1207 1892 1301 1954; x_wconf 88' lang='lat' dir='ltr'>cuius</span> <span class='ocrx_word' id='word_1_133' title='bbox 1324 1891 1461 1955; x_wconf 87' lang='lat' dir='ltr'>Paulum</span> <span class='ocrx_word' id='word_1_134' title='bbox 1491 1893 1607 1956; x_wconf 91' lang='lat' dir='ltr'>edendi</span> <span class='ocrx_word' id='word_1_135' title='bbox 1632 1893 1801 1956; x_wconf 91' lang='lat' dir='ltr'>consilium</span> <span class='ocrx_word' id='word_1_136' title='bbox 1826 1893 2007 1958; x_wconf 85' lang='lat' dir='ltr'>landudum</span> <span class='ocrx_word' id='word_1_137' title='bbox 2031 1898 2113 1960; x_wconf 88' lang='lat' dir='ltr'>votis</span> <span class='ocrx_word' id='word_1_138' title='bbox 2136 1899 2269 1962; x_wconf 82' lang='lat' dir='ltr'>sinceris</span> 
     </span>
     <span class='ocr_line' id='line_1_13' title="bbox 463 1993 2269 2088; baseline 0.004 -28"><span class='ocrx_word' id='word_1_139' title='bbox 463 1999 699 2082; x_wconf 79' lang='lat' dir='ltr'>prosequimur,</span> <span class='ocrx_word' id='word_1_140' title='bbox 723 1998 899 2061; x_wconf 88' lang='lat' dir='ltr'>sententiae</span> <span class='ocrx_word' id='word_1_141' title='bbox 924 1995 1095 2079; x_wconf 81' lang='lat' dir='ltr'>aBerglrio</span> <span class='ocrx_word' id='word_1_142' title='bbox 1120 1995 1223 2058; x_wconf 84' lang='lat' dir='ltr'>dictae</span> <span class='ocrx_word' id='word_1_143' title='bbox 1246 2015 1368 2060; x_wconf 90' lang='lat' dir='ltr'>novum</span> <span class='ocrx_word' id='word_1_144' title='bbox 1392 2001 1525 2062; x_wconf 87' lang='lat' dir='ltr'>accessit</span> <span class='ocrx_word' id='word_1_145' title='bbox 1548 2000 1752 2083; x_wconf 87' lang='lat' dir='ltr'>praesidium.</span> <span class='ocrx_word' id='word_1_146' title='bbox 1797 2003 1933 2062; x_wconf 88' lang='lat' dir='ltr'>testatur</span> <span class='ocrx_word' id='word_1_147' title='bbox 1955 1993 2040 2065; x_wconf 82' lang='lat' dir='ltr'>enirn</span> <span class='ocrx_word' id='word_1_148' title='bbox 2060 2002 2079 2064; x_wconf 94' lang='grc'>1.</span> <span class='ocrx_word' id='word_1_149' title='bbox 2097 2023 2120 2067; x_wconf 89' lang='lat' dir='ltr'>s.</span> <span class='ocrx_word' id='word_1_150' title='bbox 2137 2024 2161 2068; x_wconf 91' lang='lat' dir='ltr'>s.</span> <span class='ocrx_word' id='word_1_151' title='bbox 2181 2024 2210 2088; x_wconf 92' lang='lat' dir='ltr'>p.</span> <span class='ocrx_word' id='word_1_152' title='bbox 2229 2005 2269 2068; x_wconf 84' lang='lat'>12</span> 
     </span>
     <span class='ocr_line' id='line_1_14' title="bbox 459 2100 2268 2190; baseline 0.004 -23"><span class='ocrx_word' id='word_1_153' title='bbox 459 2105 583 2189; x_wconf 85' lang='lat' dir='ltr'>glossas</span> <span class='ocrx_word' id='word_1_154' title='bbox 601 2103 696 2166; x_wconf 86' lang='lat' dir='ltr'>Pauli</span> <span class='ocrx_word' id='word_1_155' title='bbox 711 2124 740 2187; x_wconf 91' lang='lat' dir='ltr'>p.</span> <span class='ocrx_word' id='word_1_156' title='bbox 762 2105 836 2184; x_wconf 84' lang='grc'><strong>259,</strong></span> <span class='ocrx_word' id='word_1_157' title='bbox 853 2104 916 2166; x_wconf 78' lang='grc'>3.1</span> <span class='ocrx_word' id='word_1_158' title='bbox 941 2103 976 2165; x_wconf 91' lang='lat' dir='ltr'>in</span> <span class='ocrx_word' id='word_1_159' title='bbox 1000 2100 1151 2166; x_wconf 86' lang='lat' dir='ltr'>omnibus</span> <span class='ocrx_word' id='word_1_160' title='bbox 1175 2101 1339 2166; x_wconf 86' lang='lat' dir='ltr'>codicibus</span> <span class='ocrx_word' id='word_1_161' title='bbox 1356 2106 1493 2188; x_wconf 89' lang='lat' dir='ltr'>optimae</span> <span class='ocrx_word' id='word_1_162' title='bbox 1518 2111 1621 2185; x_wconf 87' lang='lat' dir='ltr'>notae,</span> <span class='ocrx_word' id='word_1_163' title='bbox 1645 2125 1783 2188; x_wconf 89' lang='lat' dir='ltr'>quorum</span> <span class='ocrx_word' id='word_1_164' title='bbox 1806 2105 1893 2170; x_wconf 89' lang='lat' dir='ltr'>haud</span> <span class='ocrx_word' id='word_1_165' title='bbox 1917 2109 2071 2190; x_wconf 82' lang='lat' dir='ltr'>exiguum</span> <span class='ocrx_word' id='word_1_166' title='bbox 2095 2129 2268 2174; x_wconf 90' lang='lat' dir='ltr'>numerum</span> 
     </span>
     <span class='ocr_line' id='line_1_15' title="bbox 460 2209 2269 2298; baseline 0.002 -23"><span class='ocrx_word' id='word_1_167' title='bbox 460 2213 664 2295; x_wconf 86' lang='lat' dir='ltr'>comparavit,</span> <span class='ocrx_word' id='word_1_168' title='bbox 700 2213 746 2274; x_wconf 90' lang='lat' dir='ltr'>sie</span> <span class='ocrx_word' id='word_1_169' title='bbox 781 2211 914 2294; x_wconf 88' lang='lat' dir='ltr'>sorlptas</span> <span class='ocrx_word' id='word_1_170' title='bbox 948 2227 1031 2272; x_wconf 88' lang='lat' dir='ltr'>esse:</span> <span class='ocrx_word' id='word_1_171' title='bbox 1068 2209 1214 2291; x_wconf 80' lang='lat' dir='ltr'>qrcandoc</span> <span class='ocrx_word' id='word_1_172' title='bbox 1236 2229 1292 2270; x_wconf 79' lang='lat' dir='ltr'>rer</span> <span class='ocrx_word' id='word_1_173' title='bbox 1314 2209 1491 2272; x_wconf 77' lang='lat' dir='ltr'>comr&#39;tr&#39;acr&#39;t</span> <span class='ocrx_word' id='word_1_174' title='bbox 1512 2210 1574 2293; x_wconf 80' lang='lat' dir='ltr'>sos,</span> <span class='ocrx_word' id='word_1_175' title='bbox 1599 2211 1744 2293; x_wconf 81' lang='lat' dir='ltr'>qaandoc</span> <span class='ocrx_word' id='word_1_176' title='bbox 1765 2217 1886 2274; x_wconf 79' lang='lat' dir='ltr'>stercus</span> <span class='ocrx_word' id='word_1_177' title='bbox 1908 2212 2048 2276; x_wconf 72' lang='grc'><strong>5151515115</strong></span> <span class='ocrx_word' id='word_1_178' title='bbox 2069 2215 2131 2298; x_wconf 79' lang='lat' dir='ltr'>fas.</span> <span class='ocrx_word' id='word_1_179' title='bbox 2181 2216 2269 2280; x_wconf 90' lang='lat' dir='ltr'>unde</span> 
     </span>
     <span class='ocr_line' id='line_1_16' title="bbox 458 2313 2269 2400; baseline 0.002 -17"><span class='ocrx_word' id='word_1_180' title='bbox 458 2339 520 2384; x_wconf 91' lang='lat' dir='ltr'>suo</span> <span class='ocrx_word' id='word_1_181' title='bbox 544 2321 614 2382; x_wconf 88' lang='lat' dir='ltr'>iure</span> <span class='ocrx_word' id='word_1_182' title='bbox 637 2319 701 2400; x_wconf 87' lang='lat' dir='ltr'>legi</span> <span class='ocrx_word' id='word_1_183' title='bbox 724 2317 792 2380; x_wconf 88' lang='lat' dir='ltr'>XII</span> <span class='ocrx_word' id='word_1_184' title='bbox 815 2316 1001 2381; x_wconf 88' lang='lat' dir='ltr'>tabularum</span> <span class='ocrx_word' id='word_1_185' title='bbox 1037 2315 1172 2378; x_wconf 90' lang='lat' dir='ltr'>eandem</span> <span class='ocrx_word' id='word_1_186' title='bbox 1207 2313 1351 2392; x_wconf 86' lang='lat' dir='ltr'>formam,</span> <span class='ocrx_word' id='word_1_187' title='bbox 1386 2315 1582 2380; x_wconf 85' lang='lat' dir='ltr'>Famesiauo</span> <span class='ocrx_word' id='word_1_188' title='bbox 1606 2316 1691 2380; x_wconf 85' lang='lat' dir='ltr'>Festi</span> <span class='ocrx_word' id='word_1_189' title='bbox 1714 2318 1822 2382; x_wconf 86' lang='lat' dir='ltr'>codice</span> <span class='ocrx_word' id='word_1_190' title='bbox 1845 2319 2004 2399; x_wconf 89' lang='lat' dir='ltr'>traditam,</span> <span class='ocrx_word' id='word_1_191' title='bbox 2037 2323 2269 2386; x_wconf 83' lang='lat' dir='ltr'>restituendam</span> 
     </span>
     <span class='ocr_line' id='line_1_17' title="bbox 460 2421 2268 2506; baseline -0.001 -15"><span class='ocrx_word' id='word_1_192' title='bbox 460 2446 531 2491; x_wconf 89' lang='lat' dir='ltr'>esse</span> <span class='ocrx_word' id='word_1_193' title='bbox 559 2425 730 2489; x_wconf 86' lang='lat' dir='ltr'>contendit.</span> <span class='ocrx_word' id='word_1_194' title='bbox 778 2423 857 2506; x_wconf 90' lang='lat' dir='ltr'>quid</span> <span class='ocrx_word' id='word_1_195' title='bbox 886 2423 1005 2506; x_wconf 82' lang='lat' dir='ltr'>igitur?</span> <span class='ocrx_word' id='word_1_196' title='bbox 1042 2439 1150 2484; x_wconf 90' lang='lat' dir='ltr'>nonne</span> <span class='ocrx_word' id='word_1_197' title='bbox 1183 2421 1278 2483; x_wconf 88' lang='lat' dir='ltr'>etiam</span> <span class='ocrx_word' id='word_1_198' title='bbox 1302 2427 1463 2502; x_wconf 83' lang='lat' dir='ltr'>quatenoc,</span> <span class='ocrx_word' id='word_1_199' title='bbox 1499 2424 1584 2506; x_wconf 92' lang='lat' dir='ltr'>quod</span> <span class='ocrx_word' id='word_1_200' title='bbox 1613 2424 1734 2506; x_wconf 88' lang='lat' dir='ltr'>duplici</span> <span class='ocrx_word' id='word_1_201' title='bbox 1762 2425 1905 2488; x_wconf 90' lang='lat' dir='ltr'>eiusdem</span> <span class='ocrx_word' id='word_1_202' title='bbox 1934 2425 2053 2490; x_wconf 86' lang='lat' dir='ltr'>codicis</span> <span class='ocrx_word' id='word_1_203' title='bbox 2080 2427 2268 2491; x_wconf 77' lang='lat' dir='ltr'>Ilarnesiaui</span> 
     </span>
     <span class='ocr_line' id='line_1_18' title="bbox 457 2527 2267 2610; baseline -0.002 -14"><span class='ocrx_word' id='word_1_204' title='bbox 457 2533 641 2596; x_wconf 87' lang='lat' dir='ltr'>testimonio</span> <span class='ocrx_word' id='word_1_205' title='bbox 665 2531 827 2593; x_wconf 90' lang='lat' dir='ltr'>munitum</span> <span class='ocrx_word' id='word_1_206' title='bbox 856 2537 912 2610; x_wconf 85' lang='lat' dir='ltr'>est,</span> <span class='ocrx_word' id='word_1_207' title='bbox 939 2531 1076 2592; x_wconf 90' lang='lat' dir='ltr'>retinere</span> <span class='ocrx_word' id='word_1_208' title='bbox 1100 2528 1209 2589; x_wconf 88' lang='lat' dir='ltr'>datum</span> <span class='ocrx_word' id='word_1_209' title='bbox 1233 2527 1314 2589; x_wconf 80' lang='lat' dir='ltr'>erit?</span> <span class='ocrx_word' id='word_1_210' title='bbox 1339 2532 1452 2591; x_wconf 77' lang='lat' dir='ltr'>lca-as</span> <span class='ocrx_word' id='word_1_211' title='bbox 1475 2529 1663 2593; x_wconf 85' lang='lat' dir='ltr'>adverbium</span> <span class='ocrx_word' id='word_1_212' title='bbox 1688 2531 1819 2593; x_wconf 90' lang='lat' dir='ltr'>ductum</span> <span class='ocrx_word' id='word_1_213' title='bbox 1841 2537 1890 2594; x_wconf 92' lang='lat' dir='ltr'>est</span> <span class='ocrx_word' id='word_1_214' title='bbox 1906 2552 1925 2594; x_wconf 91' lang='lat' dir='ltr'>a</span> <span class='ocrx_word' id='word_1_215' title='bbox 1939 2533 2077 2596; x_wconf 92' lang='lat' dir='ltr'>tenendo</span> <span class='ocrx_word' id='word_1_216' title='bbox 2093 2540 2131 2595; x_wconf 91' lang='lat' dir='ltr'>ut</span> <span class='ocrx_word' id='word_1_217' title='bbox 2148 2553 2267 2605; x_wconf 80' lang='lat' dir='ltr'>sec-as,</span> 
     </span>
     <span class='ocr_line' id='line_1_19' title="bbox 459 2633 2267 2719; baseline 0 -17"><span class='ocrx_word' id='word_1_218' title='bbox 459 2641 616 2702; x_wconf 89' lang='lat' dir='ltr'>nimirum</span> <span class='ocrx_word' id='word_1_219' title='bbox 638 2636 720 2700; x_wconf 93' lang='lat' dir='ltr'>illud</span> <span class='ocrx_word' id='word_1_220' title='bbox 745 2635 831 2718; x_wconf 93' lang='lat' dir='ltr'>quod</span> <span class='ocrx_word' id='word_1_221' title='bbox 855 2635 969 2698; x_wconf 91' lang='lat' dir='ltr'>deinde</span> <span class='ocrx_word' id='word_1_222' title='bbox 993 2634 1162 2716; x_wconf 86' lang='lat' dir='ltr'>ampliatae</span> <span class='ocrx_word' id='word_1_223' title='bbox 1185 2633 1305 2696; x_wconf 89' lang='lat' dir='ltr'>formae</span> <span class='ocrx_word' id='word_1_224' title='bbox 1328 2635 1503 2698; x_wconf 82' lang='lat' dir='ltr'>secandam</span> <span class='ocrx_word' id='word_1_225' title='bbox 1528 2639 1634 2718; x_wconf 88' lang='lat' dir='ltr'>cessit,</span> <span class='ocrx_word' id='word_1_226' title='bbox 1660 2657 1680 2700; x_wconf 88' lang='lat' dir='ltr'>a</span> <span class='ocrx_word' id='word_1_227' title='bbox 1703 2637 1878 2719; x_wconf 87' lang='lat' dir='ltr'>sequendo,</span> <span class='ocrx_word' id='word_1_228' title='bbox 1906 2657 2039 2702; x_wconf 82' lang='lat' dir='ltr'>cars-as</span> <span class='ocrx_word' id='word_1_229' title='bbox 2063 2659 2081 2701; x_wconf 86' lang='lat' dir='ltr'>a</span> <span class='ocrx_word' id='word_1_230' title='bbox 2103 2640 2267 2702; x_wconf 89' lang='lat' dir='ltr'>vorteudo.</span> 
     </span>
     <span class='ocr_line' id='line_1_20' title="bbox 459 2741 2268 2828; baseline 0 -20"><span class='ocrx_word' id='word_1_231' title='bbox 459 2746 516 2808; x_wconf 89' lang='lat' dir='ltr'>sed</span> <span class='ocrx_word' id='word_1_232' title='bbox 543 2749 668 2828; x_wconf 89' lang='lat' dir='ltr'>praeter</span> <span class='ocrx_word' id='word_1_233' title='bbox 695 2741 825 2806; x_wconf 90' lang='lat' dir='ltr'>finalem</span> <span class='ocrx_word' id='word_1_234' title='bbox 849 2761 903 2806; x_wconf 81' lang='lat' dir='ltr'>-us</span> <span class='ocrx_word' id='word_1_235' title='bbox 932 2743 1101 2822; x_wconf 89' lang='lat' dir='ltr'>antiquum</span> <span class='ocrx_word' id='word_1_236' title='bbox 1134 2758 1314 2804; x_wconf 90' lang='lat' dir='ltr'>sermonem</span> <span class='ocrx_word' id='word_1_237' title='bbox 1349 2741 1419 2804; x_wconf 90' lang='lat' dir='ltr'>aliis</span> <span class='ocrx_word' id='word_1_238' title='bbox 1448 2761 1545 2805; x_wconf 90' lang='lat' dir='ltr'>usum</span> <span class='ocrx_word' id='word_1_239' title='bbox 1578 2761 1649 2806; x_wconf 90' lang='lat' dir='ltr'>esse</span> <span class='ocrx_word' id='word_1_240' title='bbox 1682 2743 1721 2805; x_wconf 89' lang='lat' dir='ltr'>ad</span> <span class='ocrx_word' id='word_1_241' title='bbox 1751 2742 1940 2806; x_wconf 88' lang='lat' dir='ltr'>derivandas</span> <span class='ocrx_word' id='word_1_242' title='bbox 1964 2765 1982 2806; x_wconf 90' lang='lat' dir='ltr'>a</span> <span class='ocrx_word' id='word_1_243' title='bbox 2010 2745 2117 2808; x_wconf 88' lang='lat' dir='ltr'>radice</span> <span class='ocrx_word' id='word_1_244' title='bbox 2146 2745 2268 2808; x_wconf 88' lang='lat' dir='ltr'>verbali</span> 
     </span>
     <span class='ocr_line' id='line_1_21' title="bbox 459 2846 2267 2935; baseline 0.001 -22"><span class='ocrx_word' id='word_1_245' title='bbox 459 2850 632 2935; x_wconf 87' lang='lat' dir='ltr'>particulas</span> <span class='ocrx_word' id='word_1_246' title='bbox 656 2848 862 2929; x_wconf 72' lang='lat' dir='ltr'>adverbiales</span> <span class='ocrx_word' id='word_1_247' title='bbox 896 2847 1104 2930; x_wconf 91' lang='lat' dir='ltr'>comprobant</span> <span class='ocrx_word' id='word_1_248' title='bbox 1121 2846 1339 2928; x_wconf 79' lang='lat' dir='ltr'>pro-tin-ara,</span> <span class='ocrx_word' id='word_1_249' title='bbox 1361 2849 1545 2929; x_wconf 72' lang='lat' dir='ltr'>pro-terras</span> <span class='ocrx_word' id='word_1_250' title='bbox 1568 2848 1728 2912; x_wconf 88' lang='lat' dir='ltr'>vocabula</span> <span class='ocrx_word' id='word_1_251' title='bbox 1751 2851 1908 2912; x_wconf 89' lang='lat' dir='ltr'>sermonis</span> <span class='ocrx_word' id='word_1_252' title='bbox 1931 2853 2122 2933; x_wconf 86' lang='lat' dir='ltr'>antiquioris</span> <span class='ocrx_word' id='word_1_253' title='bbox 2146 2852 2267 2935; x_wconf 87' lang='lat' dir='ltr'>volgari</span> 
     </span>
     <span class='ocr_line' id='line_1_22' title="bbox 455 2951 2268 3042; baseline 0 -22"><span class='ocrx_word' id='word_1_254' title='bbox 455 2963 652 3042; x_wconf 80' lang='lat' dir='ltr'>pro-tca-as</span> <span class='ocrx_word' id='word_1_255' title='bbox 675 2956 805 3018; x_wconf 90' lang='lat' dir='ltr'>notione</span> <span class='ocrx_word' id='word_1_256' title='bbox 829 2971 979 3034; x_wconf 83' lang='lat' dir='ltr'>congrua.</span> <span class='ocrx_word' id='word_1_257' title='bbox 1019 2953 1057 3015; x_wconf 92' lang='lat' dir='ltr'>de</span> <span class='ocrx_word' id='word_1_258' title='bbox 1083 2951 1201 3034; x_wconf 92' lang='lat' dir='ltr'>quibus</span> <span class='ocrx_word' id='word_1_259' title='bbox 1224 2953 1390 3034; x_wconf 88' lang='lat' dir='ltr'>particulis</span> <span class='ocrx_word' id='word_1_260' title='bbox 1416 2972 1481 3016; x_wconf 94' lang='lat' dir='ltr'>non</span> <span class='ocrx_word' id='word_1_261' title='bbox 1512 2960 1653 3038; x_wconf 87' lang='lat' dir='ltr'>repetam</span> <span class='ocrx_word' id='word_1_262' title='bbox 1681 2973 1762 3038; x_wconf 89' lang='lat' dir='ltr'>quae</span> <span class='ocrx_word' id='word_1_263' title='bbox 1780 2958 1981 3038; x_wconf 82' lang='lat' dir='ltr'>grammatici</span> <span class='ocrx_word' id='word_1_264' title='bbox 2001 2957 2125 3021; x_wconf 92' lang='lat' dir='ltr'>dudum</span> <span class='ocrx_word' id='word_1_265' title='bbox 2146 2958 2268 3020; x_wconf 88' lang='lat' dir='ltr'>stabili-</span> 
     </span>
     <span class='ocr_line' id='line_1_23' title="bbox 459 3058 2266 3144; baseline 0 -19"><span class='ocrx_word' id='word_1_266' title='bbox 459 3071 584 3126; x_wconf 89' lang='lat' dir='ltr'>verunt.</span> <span class='ocrx_word' id='word_1_267' title='bbox 633 3079 732 3143; x_wconf 89' lang='lat' dir='ltr'>quaro</span> <span class='ocrx_word' id='word_1_268' title='bbox 766 3062 835 3123; x_wconf 90' lang='lat' dir='ltr'>veri</span> <span class='ocrx_word' id='word_1_269' title='bbox 863 3060 950 3122; x_wconf 89' lang='lat' dir='ltr'>haud</span> <span class='ocrx_word' id='word_1_270' title='bbox 979 3061 1134 3123; x_wconf 86' lang='lat' dir='ltr'>dissimile</span> <span class='ocrx_word' id='word_1_271' title='bbox 1162 3061 1341 3142; x_wconf 86' lang='lat' dir='ltr'>putaverim</span> <span class='ocrx_word' id='word_1_272' title='bbox 1371 3058 1410 3120; x_wconf 89' lang='lat' dir='ltr'>ab</span> <span class='ocrx_word' id='word_1_273' title='bbox 1439 3059 1551 3122; x_wconf 90' lang='lat' dir='ltr'>eadem</span> <span class='ocrx_word' id='word_1_274' title='bbox 1583 3061 1689 3124; x_wconf 88' lang='lat' dir='ltr'>radice</span> <span class='ocrx_word' id='word_1_275' title='bbox 1717 3066 1888 3144; x_wconf 82' lang='lat' dir='ltr'>tea-o-qae</span> <span class='ocrx_word' id='word_1_276' title='bbox 1911 3081 1981 3128; x_wconf 91' lang='lat' dir='ltr'>esse</span> <span class='ocrx_word' id='word_1_277' title='bbox 2014 3063 2187 3140; x_wconf 87' lang='lat' dir='ltr'>deflexum,</span> <span class='ocrx_word' id='word_1_278' title='bbox 2226 3063 2266 3126; x_wconf 90' lang='lat' dir='ltr'>ad</span> 
     </span>
     <span class='ocr_line' id='line_1_24' title="bbox 459 3165 2265 3249; baseline -0.002 -17"><span class='ocrx_word' id='word_1_279' title='bbox 459 3171 554 3232; x_wconf 88' lang='lat' dir='ltr'>ouius</span> <span class='ocrx_word' id='word_1_280' title='bbox 576 3167 712 3230; x_wconf 87' lang='lat' dir='ltr'>formam</span> <span class='ocrx_word' id='word_1_281' title='bbox 735 3168 843 3229; x_wconf 89' lang='lat' dir='ltr'>nescio</span> <span class='ocrx_word' id='word_1_282' title='bbox 867 3186 907 3228; x_wconf 92' lang='lat' dir='ltr'>an</span> <span class='ocrx_word' id='word_1_283' title='bbox 930 3168 1077 3249; x_wconf 87' lang='lat' dir='ltr'>proxime</span> <span class='ocrx_word' id='word_1_284' title='bbox 1098 3166 1250 3228; x_wconf 84' lang='lat' dir='ltr'>accedant</span> <span class='ocrx_word' id='word_1_285' title='bbox 1275 3169 1401 3228; x_wconf 87' lang='lat' dir='ltr'>vetusta</span> <span class='ocrx_word' id='word_1_286' title='bbox 1423 3165 1478 3230; x_wconf 87' lang='lat' dir='ltr'>illa</span> <span class='ocrx_word' id='word_1_287' title='bbox 1500 3165 1639 3248; x_wconf 69' lang='lat' dir='ltr'>danique</span> <span class='ocrx_word' id='word_1_288' title='bbox 1661 3166 1822 3245; x_wconf 70' lang='grc'><strong>1155155111,</strong></span> <span class='ocrx_word' id='word_1_289' title='bbox 1848 3187 1987 3248; x_wconf 89' lang='lat' dir='ltr'>quorum</span> <span class='ocrx_word' id='word_1_290' title='bbox 2007 3169 2089 3232; x_wconf 92' lang='lat' dir='ltr'>illud</span> <span class='ocrx_word' id='word_1_291' title='bbox 2110 3169 2265 3232; x_wconf 88' lang='lat' dir='ltr'>decurtati</span> 
     </span>
     <span class='ocr_line' id='line_1_25' title="bbox 458 3265 2263 3356; baseline -0.001 -18"><span class='ocrx_word' id='word_1_292' title='bbox 458 3276 556 3338; x_wconf 73' lang='lat' dir='ltr'>donec</span> <span class='ocrx_word' id='word_1_293' title='bbox 579 3273 774 3356; x_wconf 79' lang='lat' dir='ltr'>archetypam</span> <span class='ocrx_word' id='word_1_294' title='bbox 799 3277 854 3334; x_wconf 92' lang='lat' dir='ltr'>est.</span> <span class='ocrx_word' id='word_1_295' title='bbox 901 3278 1075 3354; x_wconf 89' lang='lat' dir='ltr'>utrumque</span> <span class='ocrx_word' id='word_1_296' title='bbox 1098 3271 1190 3334; x_wconf 91' lang='lat' dir='ltr'>verbi</span> <span class='ocrx_word' id='word_1_297' title='bbox 1215 3271 1265 3333; x_wconf 91' lang='lat' dir='ltr'>vel</span> <span class='ocrx_word' id='word_1_298' title='bbox 1287 3273 1428 3334; x_wconf 90' lang='lat' dir='ltr'>nominis</span> <span class='ocrx_word' id='word_1_299' title='bbox 1451 3265 1557 3333; x_wconf 87' lang='lat' dir='ltr'>radice</span> <span class='ocrx_word' id='word_1_300' title='bbox 1578 3277 1692 3334; x_wconf 89' lang='lat' dir='ltr'>natum</span> <span class='ocrx_word' id='word_1_301' title='bbox 1709 3289 1778 3333; x_wconf 92' lang='lat' dir='ltr'>esse</span> <span class='ocrx_word' id='word_1_302' title='bbox 1802 3273 1881 3334; x_wconf 91' lang='lat' dir='ltr'>mibi</span> <span class='ocrx_word' id='word_1_303' title='bbox 1901 3273 2032 3356; x_wconf 90' lang='lat' dir='ltr'>quidem</span> <span class='ocrx_word' id='word_1_304' title='bbox 2053 3280 2173 3338; x_wconf 88' lang='lat' dir='ltr'>certum</span> <span class='ocrx_word' id='word_1_305' title='bbox 2194 3293 2263 3337; x_wconf 90' lang='lat' dir='ltr'>esse</span> 
     </span>
     <span class='ocr_line' id='line_1_26' title="bbox 458 3375 2266 3461; baseline 0 -19"><span class='ocrx_word' id='word_1_306' title='bbox 458 3380 593 3444; x_wconf 90' lang='lat' dir='ltr'>videtur.</span> <span class='ocrx_word' id='word_1_307' title='bbox 641 3377 696 3440; x_wconf 90' lang='lat' dir='ltr'>sed</span> <span class='ocrx_word' id='word_1_308' title='bbox 720 3377 814 3440; x_wconf 88' lang='lat' dir='ltr'>redeo</span> <span class='ocrx_word' id='word_1_309' title='bbox 835 3377 922 3438; x_wconf 91' lang='lat' dir='ltr'>unde</span> <span class='ocrx_word' id='word_1_310' title='bbox 939 3377 1103 3459; x_wconf 88' lang='lat' dir='ltr'>digressus</span> <span class='ocrx_word' id='word_1_311' title='bbox 1123 3397 1208 3439; x_wconf 90' lang='lat' dir='ltr'>sum:</span> <span class='ocrx_word' id='word_1_312' title='bbox 1233 3379 1343 3458; x_wconf 89' lang='lat' dir='ltr'>itaquo</span> <span class='ocrx_word' id='word_1_313' title='bbox 1361 3381 1486 3458; x_wconf 89' lang='lat' dir='ltr'>praeter</span> <span class='ocrx_word' id='word_1_314' title='bbox 1501 3375 1577 3439; x_wconf 91' lang='lat' dir='ltr'>bina</span> <span class='ocrx_word' id='word_1_315' title='bbox 1594 3379 1743 3461; x_wconf 79' lang='lat' dir='ltr'>exempla</span> <span class='ocrx_word' id='word_1_316' title='bbox 1757 3378 1864 3443; x_wconf 89' lang='lat' dir='ltr'>Plauti</span> <span class='ocrx_word' id='word_1_317' title='bbox 1883 3379 2081 3442; x_wconf 90' lang='lat' dir='ltr'>Bacchidum</span> <span class='ocrx_word' id='word_1_318' title='bbox 2097 3399 2266 3461; x_wconf 91' lang='lat' dir='ltr'>unumque</span> 
     </span>
     <span class='ocr_line' id='line_1_27' title="bbox 457 3482 2266 3576; baseline -0.001 -25"><span class='ocrx_word' id='word_1_319' title='bbox 457 3486 545 3550; x_wconf 89' lang='lat' dir='ltr'>istud</span> <span class='ocrx_word' id='word_1_320' title='bbox 561 3484 707 3576; x_wconf 73' lang='lat' dir='ltr'>Alriqani</span> <span class='ocrx_word' id='word_1_321' title='bbox 731 3483 816 3564; x_wconf 91' lang='lat' dir='ltr'>quod</span> <span class='ocrx_word' id='word_1_322' title='bbox 842 3483 1046 3546; x_wconf 88' lang='lat' dir='ltr'>abiciendum</span> <span class='ocrx_word' id='word_1_323' title='bbox 1071 3484 1130 3546; x_wconf 91' lang='lat' dir='ltr'>erit</span> <span class='ocrx_word' id='word_1_324' title='bbox 1153 3483 1298 3564; x_wconf 79' lang='lat' dir='ltr'>exempla</span> <span class='ocrx_word' id='word_1_325' title='bbox 1322 3499 1374 3544; x_wconf 88' lang='lat' dir='ltr'>me</span> <span class='ocrx_word' id='word_1_326' title='bbox 1398 3482 1488 3544; x_wconf 88' lang='lat' dir='ltr'>nulla</span> <span class='ocrx_word' id='word_1_327' title='bbox 1511 3483 1580 3544; x_wconf 80' lang='lat' dir='ltr'>dixi</span> <span class='ocrx_word' id='word_1_328' title='bbox 1605 3488 1698 3547; x_wconf 70' lang='lat' dir='ltr'>teraris</span> <span class='ocrx_word' id='word_1_329' title='bbox 1722 3485 1862 3548; x_wconf 90' lang='lat' dir='ltr'>adverbii</span> <span class='ocrx_word' id='word_1_330' title='bbox 1886 3505 1927 3550; x_wconf 88' lang='lat' dir='ltr'>ne</span> <span class='ocrx_word' id='word_1_331' title='bbox 1946 3505 2023 3548; x_wconf 90' lang='lat' dir='ltr'>oum</span> <span class='ocrx_word' id='word_1_332' title='bbox 2036 3489 2266 3570; x_wconf 89' lang='lat' dir='ltr'>pronominum</span> 
     </span>
     <span class='ocr_line' id='line_1_28' title="bbox 458 3589 2266 3676; baseline 0.001 -21"><span class='ocrx_word' id='word_1_333' title='bbox 458 3593 589 3676; x_wconf 89' lang='lat' dir='ltr'>quidem</span> <span class='ocrx_word' id='word_1_334' title='bbox 612 3591 738 3674; x_wconf 89' lang='lat' dir='ltr'>generis</span> <span class='ocrx_word' id='word_1_335' title='bbox 777 3589 925 3652; x_wconf 89' lang='lat' dir='ltr'>feminini</span> <span class='ocrx_word' id='word_1_336' title='bbox 957 3590 1104 3652; x_wconf 87' lang='lat' dir='ltr'>ablativis</span> <span class='ocrx_word' id='word_1_337' title='bbox 1139 3589 1302 3651; x_wconf 86' lang='lat' dir='ltr'>coniuncti</span> <span class='ocrx_word' id='word_1_338' title='bbox 1335 3589 1498 3650; x_wconf 89' lang='lat' dir='ltr'>invenisse</span> <span class='ocrx_word' id='word_1_339' title='bbox 1531 3589 1565 3650; x_wconf 92' lang='lat' dir='ltr'>in</span> <span class='ocrx_word' id='word_1_340' title='bbox 1601 3589 1716 3654; x_wconf 88' lang='lat' dir='ltr'>litteris</span> <span class='ocrx_word' id='word_1_341' title='bbox 1749 3589 1838 3655; x_wconf 88' lang='lat' dir='ltr'>Sulla</span> <span class='ocrx_word' id='word_1_342' title='bbox 1867 3591 2113 3674; x_wconf 88' lang='lat' dir='ltr'>antiquioribus.</span> <span class='ocrx_word' id='word_1_343' title='bbox 2160 3595 2266 3656; x_wconf 85' lang='lat' dir='ltr'>extitit</span> 
     </span>
     <span class='ocr_line' id='line_1_29' title="bbox 457 3695 2266 3782; baseline 0 -20"><span class='ocrx_word' id='word_1_344' title='bbox 457 3705 563 3762; x_wconf 88' lang='lat' dir='ltr'>tamen</span> <span class='ocrx_word' id='word_1_345' title='bbox 588 3702 661 3760; x_wconf 90' lang='lat' dir='ltr'>ante</span> <span class='ocrx_word' id='word_1_346' title='bbox 683 3697 744 3759; x_wconf 90' lang='lat' dir='ltr'>hoe</span> <span class='ocrx_word' id='word_1_347' title='bbox 766 3702 894 3778; x_wconf 90' lang='lat' dir='ltr'>tempus</span> <span class='ocrx_word' id='word_1_348' title='bbox 918 3697 976 3758; x_wconf 90' lang='lat' dir='ltr'>hoc</span> <span class='ocrx_word' id='word_1_349' title='bbox 1000 3695 1126 3758; x_wconf 90' lang='lat' dir='ltr'>dicendi</span> <span class='ocrx_word' id='word_1_350' title='bbox 1148 3714 1265 3778; x_wconf 90' lang='lat' dir='ltr'>genus:</span> <span class='ocrx_word' id='word_1_351' title='bbox 1296 3712 1355 3756; x_wconf 91' lang='lat' dir='ltr'>nec</span> <span class='ocrx_word' id='word_1_352' title='bbox 1379 3695 1507 3757; x_wconf 90' lang='lat' dir='ltr'>mirum.</span> <span class='ocrx_word' id='word_1_353' title='bbox 1536 3713 1643 3777; x_wconf 92' lang='lat' dir='ltr'>neque</span> <span class='ocrx_word' id='word_1_354' title='bbox 1667 3699 1753 3760; x_wconf 91' lang='lat' dir='ltr'>euim</span> <span class='ocrx_word' id='word_1_355' title='bbox 1778 3698 1874 3762; x_wconf 84' lang='lat' dir='ltr'>distat</span> <span class='ocrx_word' id='word_1_356' title='bbox 1897 3699 1963 3761; x_wconf 87' lang='lat' dir='ltr'>ulla</span> <span class='ocrx_word' id='word_1_357' title='bbox 1985 3718 2020 3760; x_wconf 91' lang='lat' dir='ltr'>re</span> <span class='ocrx_word' id='word_1_358' title='bbox 2044 3717 2062 3760; x_wconf 89' lang='lat' dir='ltr'>a</span> <span class='ocrx_word' id='word_1_359' title='bbox 2084 3700 2266 3782; x_wconf 84' lang='lat' dir='ltr'>pervagatis</span> 
     </span>
     <span class='ocr_line' id='line_1_30' title="bbox 455 3800 2263 3889; baseline 0 -21"><span class='ocrx_word' id='word_1_360' title='bbox 455 3825 514 3889; x_wconf 92' lang='lat' dir='ltr'>per</span> <span class='ocrx_word' id='word_1_361' title='bbox 537 3805 646 3867; x_wconf 89' lang='lat' dir='ltr'>omnia</span> <span class='ocrx_word' id='word_1_362' title='bbox 668 3807 810 3884; x_wconf 88' lang='lat' dir='ltr'>tempora</span> <span class='ocrx_word' id='word_1_363' title='bbox 833 3802 895 3864; x_wconf 93' lang='lat' dir='ltr'>illis</span> <span class='ocrx_word' id='word_1_364' title='bbox 924 3801 1065 3884; x_wconf 76' lang='lat' dir='ltr'>posthac,</span> <span class='ocrx_word' id='word_1_365' title='bbox 1089 3801 1228 3883; x_wconf 82' lang='lat' dir='ltr'>postilla,</span> <span class='ocrx_word' id='word_1_366' title='bbox 1248 3805 1386 3883; x_wconf 74' lang='lat' dir='ltr'>postea,·&#39;</span> <span class='ocrx_word' id='word_1_367' title='bbox 1408 3800 1548 3880; x_wconf 83' lang='lat' dir='ltr'>antebac,</span> <span class='ocrx_word' id='word_1_368' title='bbox 1572 3807 1683 3880; x_wconf 70' lang='grc'><strong>55155,</strong></span> <span class='ocrx_word' id='word_1_369' title='bbox 1709 3804 1903 3886; x_wconf 79' lang='lat' dir='ltr'>praeterhac,</span> <span class='ocrx_word' id='word_1_370' title='bbox 1930 3809 2099 3886; x_wconf 79' lang='lat' dir='ltr'>praetcrea,</span> <span class='ocrx_word' id='word_1_371' title='bbox 2123 3805 2263 3883; x_wconf 78' lang='lat' dir='ltr'>interca,-</span> 
     </span>
     <span class='ocr_line' id='line_1_31' title="bbox 452 3907 2266 3995; baseline 0.001 -22"><span class='ocrx_word' id='word_1_372' title='bbox 452 3910 652 3995; x_wconf 80' lang='lat' dir='ltr'>praptcrlrac,</span> <span class='ocrx_word' id='word_1_373' title='bbox 672 3913 848 3991; x_wconf 81' lang='lat' dir='ltr'>propterca,</span> <span class='ocrx_word' id='word_1_374' title='bbox 873 3913 1073 3990; x_wconf 82' lang='lat' dir='ltr'>quapropter,</span> <span class='ocrx_word' id='word_1_375' title='bbox 1099 3907 1183 3989; x_wconf 89' lang='lat' dir='ltr'>quod</span> <span class='ocrx_word' id='word_1_376' title='bbox 1207 3925 1311 3989; x_wconf 87' lang='lat' dir='ltr'>genus</span> <span class='ocrx_word' id='word_1_377' title='bbox 1336 3925 1415 3969; x_wconf 90' lang='lat' dir='ltr'>usus</span> <span class='ocrx_word' id='word_1_378' title='bbox 1440 3926 1539 3990; x_wconf 91' lang='lat' dir='ltr'>quam</span> <span class='ocrx_word' id='word_1_379' title='bbox 1566 3908 1630 3971; x_wconf 90' lang='lat' dir='ltr'>late</span> <span class='ocrx_word' id='word_1_380' title='bbox 1654 3909 1827 3992; x_wconf 88' lang='lat' dir='ltr'>aliquando</span> <span class='ocrx_word' id='word_1_381' title='bbox 1854 3913 1993 3993; x_wconf 89' lang='lat' dir='ltr'>patuerit</span> <span class='ocrx_word' id='word_1_382' title='bbox 2020 3911 2118 3974; x_wconf 91' lang='lat' dir='ltr'>fidem</span> <span class='ocrx_word' id='word_1_383' title='bbox 2140 3911 2266 3976; x_wconf 89' lang='lat' dir='ltr'>faciunt</span> 
     </span>
     <span class='ocr_line' id='line_1_32' title="bbox 456 4012 2263 4102; baseline 0.001 -23"><span class='ocrx_word' id='word_1_384' title='bbox 456 4019 577 4080; x_wconf 88' lang='lat' dir='ltr'>rariora</span> <span class='ocrx_word' id='word_1_385' title='bbox 610 4016 666 4079; x_wconf 89' lang='lat' dir='ltr'>illa</span> <span class='ocrx_word' id='word_1_386' title='bbox 700 4035 872 4077; x_wconf 85' lang='lat' dir='ltr'>arcorsara</span> <span class='ocrx_word' id='word_1_387' title='bbox 903 4014 962 4076; x_wconf 81' lang='lat' dir='ltr'>ead</span> <span class='ocrx_word' id='word_1_388' title='bbox 994 4014 1150 4095; x_wconf 86' lang='lat' dir='ltr'>epistulae</span> <span class='ocrx_word' id='word_1_389' title='bbox 1185 4013 1356 4076; x_wconf 89' lang='lat' dir='ltr'>consulum</span> <span class='ocrx_word' id='word_1_390' title='bbox 1392 4012 1430 4076; x_wconf 92' lang='lat' dir='ltr'>de</span> <span class='ocrx_word' id='word_1_391' title='bbox 1465 4012 1731 4094; x_wconf 86' lang='lat' dir='ltr'>Bacchanalibus,</span> <span class='ocrx_word' id='word_1_392' title='bbox 1766 4017 1940 4079; x_wconf 83' lang='lat' dir='ltr'>udrorsam</span> <span class='ocrx_word' id='word_1_393' title='bbox 1971 4017 2031 4080; x_wconf 87' lang='lat' dir='ltr'>bac</span> <span class='ocrx_word' id='word_1_394' title='bbox 2066 4016 2151 4102; x_wconf 87' lang='lat' dir='ltr'>plebi</span> <span class='ocrx_word' id='word_1_395' title='bbox 2191 4018 2263 4080; x_wconf 89' lang='lat' dir='ltr'>sciti</span> 
     </span>
     <span class='ocr_line' id='line_1_33' title="bbox 457 4117 2264 4204; baseline 0 -17"><span class='ocrx_word' id='word_1_396' title='bbox 457 4124 581 4204; x_wconf 82' lang='lat' dir='ltr'>Siliani,</span> <span class='ocrx_word' id='word_1_397' title='bbox 603 4121 803 4204; x_wconf 62' lang='lat' dir='ltr'>accersam)</span> <span class='ocrx_word' id='word_1_398' title='bbox 830 4121 889 4182; x_wconf 83' lang='lat' dir='ltr'>lrac</span> <span class='ocrx_word' id='word_1_399' title='bbox 912 4119 1030 4182; x_wconf 87' lang='lat' dir='ltr'>decreti</span> <span class='ocrx_word' id='word_1_400' title='bbox 1046 4117 1195 4181; x_wconf 88' lang='lat' dir='ltr'>Lucerini</span> <span class='ocrx_word' id='word_1_401' title='bbox 1220 4137 1325 4201; x_wconf 91' lang='lat' dir='ltr'>nuper</span> <span class='ocrx_word' id='word_1_402' title='bbox 1347 4122 1472 4202; x_wconf 88' lang='lat' dir='ltr'>reperti,</span> <span class='ocrx_word' id='word_1_403' title='bbox 1497 4120 1636 4203; x_wconf 90' lang='lat' dir='ltr'>denique</span> <span class='ocrx_word' id='word_1_404' title='bbox 1655 4126 1783 4204; x_wconf 83' lang='lat' dir='ltr'>posteac</span> <span class='ocrx_word' id='word_1_405' title='bbox 1806 4141 1872 4185; x_wconf 91' lang='lat' dir='ltr'>non</span> <span class='ocrx_word' id='word_1_406' title='bbox 1896 4123 2000 4186; x_wconf 93' lang='lat' dir='ltr'>solum</span> <span class='ocrx_word' id='word_1_407' title='bbox 2024 4124 2207 4186; x_wconf 90' lang='lat' dir='ltr'>scarifatum</span> <span class='ocrx_word' id='word_1_408' title='bbox 2230 4125 2264 4186; x_wconf 88' lang='lat' dir='ltr'>in</span> 
     </span>
     <span class='ocr_line' id='line_1_34' title="bbox 455 4222 2264 4310; baseline 0.001 -18"><span class='ocrx_word' id='word_1_409' title='bbox 455 4231 589 4293; x_wconf 89' lang='lat' dir='ltr'>tectorio</span> <span class='ocrx_word' id='word_1_410' title='bbox 629 4229 743 4291; x_wconf 91' lang='lat' dir='ltr'>domus</span> <span class='ocrx_word' id='word_1_411' title='bbox 783 4225 949 4289; x_wconf 89' lang='lat' dir='ltr'>cuiusdam</span> <span class='ocrx_word' id='word_1_412' title='bbox 985 4223 1198 4308; x_wconf 87' lang='lat' dir='ltr'>Pompeianae</span> <span class='ocrx_word' id='word_1_413' title='bbox 1233 4222 1301 4288; x_wconf 83' lang='lat' dir='ltr'>CIL</span> <span class='ocrx_word' id='word_1_414' title='bbox 1334 4224 1391 4304; x_wconf 86' lang='lat' dir='ltr'>IV,</span> <span class='ocrx_word' id='word_1_415' title='bbox 1432 4226 1514 4288; x_wconf 81' lang='grc'><strong>1831</strong></span> <span class='ocrx_word' id='word_1_416' title='bbox 1552 4226 1607 4288; x_wconf 92' lang='lat' dir='ltr'>sed</span> <span class='ocrx_word' id='word_1_417' title='bbox 1648 4229 1744 4289; x_wconf 88' lang='lat' dir='ltr'>etiam</span> <span class='ocrx_word' id='word_1_418' title='bbox 1784 4227 1913 4310; x_wconf 92' lang='lat' dir='ltr'>publico</span> <span class='ocrx_word' id='word_1_419' title='bbox 1952 4231 2085 4293; x_wconf 91' lang='lat' dir='ltr'>consilio</span> <span class='ocrx_word' id='word_1_420' title='bbox 2124 4231 2264 4293; x_wconf 89' lang='lat' dir='ltr'>incisum</span> 
     </span>
     <span class='ocr_line' id='line_1_35' title="bbox 456 4329 2264 4420; baseline 0.001 -21"><span class='ocrx_word' id='word_1_421' title='bbox 456 4337 555 4420; x_wconf 88' lang='lat' dir='ltr'>lapidi</span> <span class='ocrx_word' id='word_1_422' title='bbox 578 4337 754 4417; x_wconf 90' lang='lat' dir='ltr'>imperante</span> <span class='ocrx_word' id='word_1_423' title='bbox 779 4329 1051 4407; x_wconf 71' lang='grc'><strong>(1555150111,</strong></span> <span class='ocrx_word' id='word_1_424' title='bbox 1078 4331 1162 4394; x_wconf 87' lang='grc'><strong>5050</strong></span> <span class='ocrx_word' id='word_1_425' title='bbox 1186 4351 1215 4391; x_wconf 93' lang='lat' dir='ltr'>v.</span> <span class='ocrx_word' id='word_1_426' title='bbox 1242 4332 1291 4393; x_wconf 88' lang='lat'>13.</span> <span class='ocrx_word' id='word_1_427' title='bbox 1339 4331 1451 4394; x_wconf 90' lang='lat' dir='ltr'>eodem</span> <span class='ocrx_word' id='word_1_428' title='bbox 1474 4331 1613 4415; x_wconf 90' lang='lat' dir='ltr'>denique</span> <span class='ocrx_word' id='word_1_429' title='bbox 1644 4331 1779 4397; x_wconf 87' lang='lat' dir='ltr'>forsitan</span> <span class='ocrx_word' id='word_1_430' title='bbox 1813 4337 1971 4417; x_wconf 90' lang='lat' dir='ltr'>pertineat</span> <span class='ocrx_word' id='word_1_431' title='bbox 2004 4336 2090 4418; x_wconf 90' lang='lat' dir='ltr'>quod</span> <span class='ocrx_word' id='word_1_432' title='bbox 2115 4335 2264 4400; x_wconf 87' lang='lat' dir='ltr'>Lucretio</span> 
     </span>
     <span class='ocr_line' id='line_1_36' title="bbox 454 4437 2265 4526; baseline -0.001 -20"><span class='ocrx_word' id='word_1_433' title='bbox 454 4442 683 4506; x_wconf 89' lang='lat' dir='ltr'>Lachmannus</span> <span class='ocrx_word' id='word_1_434' title='bbox 708 4437 828 4503; x_wconf 89' lang='lat' dir='ltr'>Comm.</span> <span class='ocrx_word' id='word_1_435' title='bbox 864 4441 897 4501; x_wconf 92' lang='lat' dir='ltr'>in</span> <span class='ocrx_word' id='word_1_436' title='bbox 921 4437 962 4519; x_wconf 91' lang='grc' dir='ltr'>ΙΙ,</span> <span class='ocrx_word' id='word_1_437' title='bbox 988 4439 1049 4500; x_wconf 81' lang='lat'>517</span> <span class='ocrx_word' id='word_1_438' title='bbox 1075 4439 1216 4502; x_wconf 86' lang='lat' dir='ltr'>restituit</span> <span class='ocrx_word' id='word_1_439' title='bbox 1239 4438 1323 4500; x_wconf 77' lang='lat' dir='ltr'>inter</span> <span class='ocrx_word' id='word_1_440' title='bbox 1346 4443 1490 4520; x_wconf 83' lang='lat' dir='ltr'>atraque,</span> <span class='ocrx_word' id='word_1_441' title='bbox 1527 4438 1653 4520; x_wconf 89' lang='lat' dir='ltr'>dequo</span> <span class='ocrx_word' id='word_1_442' title='bbox 1683 4439 1751 4502; x_wconf 85' lang='lat' dir='ltr'>dixi</span> <span class='ocrx_word' id='word_1_443' title='bbox 1774 4443 1809 4503; x_wconf 93' lang='lat' dir='ltr'>in</span> <span class='ocrx_word' id='word_1_444' title='bbox 1833 4441 1944 4520; x_wconf 85' lang='lat' dir='ltr'>symb.</span> <span class='ocrx_word' id='word_1_445' title='bbox 1969 4461 1998 4524; x_wconf 91' lang='lat' dir='ltr'>p.</span> <span class='ocrx_word' id='word_1_446' title='bbox 2024 4443 2096 4506; x_wconf 80' lang='lat'>273.</span> <span class='ocrx_word' id='word_1_447' title='bbox 2130 4442 2265 4526; x_wconf 90' lang='lat' dir='ltr'>putabat</span> 
     </span>
     <span class='ocr_line' id='line_1_37' title="bbox 455 4543 2264 4631; baseline 0.001 -20"><span class='ocrx_word' id='word_1_448' title='bbox 455 4548 651 4612; x_wconf 89' lang='lat' dir='ltr'>Ritsohelius</span> <span class='ocrx_word' id='word_1_449' title='bbox 680 4545 912 4609; x_wconf 86' lang='lat' dir='ltr'>dissertationis</span> <span class='ocrx_word' id='word_1_450' title='bbox 941 4545 980 4608; x_wconf 93' lang='lat' dir='ltr'>de</span> <span class='ocrx_word' id='word_1_451' title='bbox 1008 4543 1097 4608; x_wconf 87' lang='lat' dir='ltr'>finali</span> <span class='ocrx_word' id='word_1_452' title='bbox 1130 4544 1345 4607; x_wconf 85' lang='lat' dir='ltr'>ablativorum</span> <span class='ocrx_word' id='word_1_453' title='bbox 1367 4563 1397 4628; x_wconf 94' lang='lat' dir='ltr'>p.</span> <span class='ocrx_word' id='word_1_454' title='bbox 1422 4545 1463 4606; x_wconf 88' lang='grc'>82</span> <span class='ocrx_word' id='word_1_455' title='bbox 1492 4545 1648 4606; x_wconf 88' lang='lat' dir='ltr'>rationem</span> <span class='ocrx_word' id='word_1_456' title='bbox 1677 4545 1776 4610; x_wconf 90' lang='lat' dir='ltr'>huius</span> <span class='ocrx_word' id='word_1_457' title='bbox 1808 4567 1888 4610; x_wconf 91' lang='lat' dir='ltr'>usus</span> <span class='ocrx_word' id='word_1_458' title='bbox 1916 4549 2122 4631; x_wconf 89' lang='lat' dir='ltr'>repetendam</span> <span class='ocrx_word' id='word_1_459' title='bbox 2151 4567 2222 4612; x_wconf 91' lang='lat' dir='ltr'>esse</span> <span class='ocrx_word' id='word_1_460' title='bbox 2246 4569 2264 4611; x_wconf 87' lang='grc'>5</span> 
     </span>
     <span class='ocr_line' id='line_1_38' title="bbox 428 4650 2263 4738; baseline 0 -20"><span class='ocrx_word' id='word_1_461' title='bbox 428 4657 630 4738; x_wconf 77' lang='lat' dir='ltr'>priscorum</span> <span class='ocrx_word' id='word_1_462' title='bbox 660 4651 814 4732; x_wconf 87' lang='lat' dir='ltr'>libertate,</span> <span class='ocrx_word' id='word_1_463' title='bbox 848 4650 968 4735; x_wconf 87' lang='lat' dir='ltr'>quibus</span> <span class='ocrx_word' id='word_1_464' title='bbox 992 4651 1119 4714; x_wconf 89' lang='lat' dir='ltr'>licuerit</span> <span class='ocrx_word' id='word_1_465' title='bbox 1141 4650 1318 4714; x_wconf 85' lang='lat' dir='ltr'>ablativum</span> <span class='ocrx_word' id='word_1_466' title='bbox 1342 4656 1374 4714; x_wconf 91' lang='lat' dir='ltr'>et</span> <span class='ocrx_word' id='word_1_467' title='bbox 1397 4651 1615 4712; x_wconf 87' lang='lat' dir='ltr'>accusativum</span> <span class='ocrx_word' id='word_1_468' title='bbox 1638 4653 1820 4733; x_wconf 90' lang='lat' dir='ltr'>promiscue</span> <span class='ocrx_word' id='word_1_469' title='bbox 1844 4655 1964 4716; x_wconf 88' lang='lat' dir='ltr'>sociare</span> <span class='ocrx_word' id='word_1_470' title='bbox 1987 4655 2033 4718; x_wconf 91' lang='lat' dir='ltr'>eis</span> <span class='ocrx_word' id='word_1_471' title='bbox 2058 4674 2141 4737; x_wconf 87' lang='lat' dir='ltr'>quas</span> <span class='ocrx_word' id='word_1_472' title='bbox 2165 4657 2263 4718; x_wconf 85' lang='lat' dir='ltr'>ascri-</span> 
     </span>
     <span class='ocr_line' id='line_1_39' title="bbox 453 4755 2263 4844; baseline 0.001 -21"><span class='ocrx_word' id='word_1_473' title='bbox 453 4761 578 4844; x_wconf 87' lang='lat' dir='ltr'>psimus</span> <span class='ocrx_word' id='word_1_474' title='bbox 601 4758 900 4842; x_wconf 88' lang='lat' dir='ltr'>praepositionibus.</span> <span class='ocrx_word' id='word_1_475' title='bbox 947 4759 1000 4821; x_wconf 91' lang='lat' dir='ltr'>cui</span> <span class='ocrx_word' id='word_1_476' title='bbox 1028 4757 1171 4841; x_wconf 90' lang='lat' dir='ltr'>opinioni</span> <span class='ocrx_word' id='word_1_477' title='bbox 1199 4775 1257 4840; x_wconf 86' lang='lat' dir='ltr'>ego</span> <span class='ocrx_word' id='word_1_478' title='bbox 1281 4757 1333 4819; x_wconf 90' lang='lat' dir='ltr'>vel</span> <span class='ocrx_word' id='word_1_479' title='bbox 1355 4761 1522 4839; x_wconf 86' lang='lat' dir='ltr'>propterea</span> <span class='ocrx_word' id='word_1_480' title='bbox 1550 4755 1702 4819; x_wconf 89' lang='lat' dir='ltr'>adversor</span> <span class='ocrx_word' id='word_1_481' title='bbox 1729 4758 1816 4840; x_wconf 92' lang='lat' dir='ltr'>quod</span> <span class='ocrx_word' id='word_1_482' title='bbox 1843 4760 1991 4842; x_wconf 84' lang='lat' dir='ltr'>exempla</span> <span class='ocrx_word' id='word_1_483' title='bbox 2018 4762 2151 4844; x_wconf 88' lang='lat' dir='ltr'>antiqua</span> <span class='ocrx_word' id='word_1_484' title='bbox 2174 4763 2263 4824; x_wconf 86' lang='lat' dir='ltr'>nulla</span> 
     </span>
     <span class='ocr_line' id='line_1_40' title="bbox 453 4861 2262 4948; baseline 0.001 -19"><span class='ocrx_word' id='word_1_485' title='bbox 453 4872 564 4930; x_wconf 84' lang='lat' dir='ltr'>extant</span> <span class='ocrx_word' id='word_1_486' title='bbox 592 4864 722 4928; x_wconf 88' lang='lat' dir='ltr'>ablativi</span> <span class='ocrx_word' id='word_1_487' title='bbox 750 4883 768 4927; x_wconf 97' lang='grc'>5</span> <span class='ocrx_word' id='word_1_488' title='bbox 792 4861 1083 4948; x_wconf 90' lang='lat' dir='ltr'>praepositionibus</span> <span class='ocrx_word' id='word_1_489' title='bbox 1111 4867 1185 4946; x_wconf 83' lang='lat' dir='ltr'>post</span> <span class='ocrx_word' id='word_1_490' title='bbox 1207 4867 1280 4926; x_wconf 83' lang='lat' dir='ltr'>ante</span> <span class='ocrx_word' id='word_1_491' title='bbox 1302 4862 1387 4924; x_wconf 75' lang='lat' dir='ltr'>inter</span> <span class='ocrx_word' id='word_1_492' title='bbox 1405 4867 1683 4946; x_wconf 83' lang='lat' dir='ltr'>praeterpropter</span> <span class='ocrx_word' id='word_1_493' title='bbox 1715 4866 1862 4947; x_wconf 88' lang='lat' dir='ltr'>suspensi</span> <span class='ocrx_word' id='word_1_494' title='bbox 1890 4869 2017 4947; x_wconf 87' lang='lat' dir='ltr'>praeter</span> <span class='ocrx_word' id='word_1_495' title='bbox 2049 4886 2153 4930; x_wconf 91' lang='lat' dir='ltr'>unum</span> <span class='ocrx_word' id='word_1_496' title='bbox 2180 4868 2262 4931; x_wconf 93' lang='lat' dir='ltr'>illud</span> 
     </span>
     <span class='ocr_line' id='line_1_41' title="bbox 452 4968 2263 5056; baseline 0.001 -21"><span class='ocrx_word' id='word_1_497' title='bbox 452 4991 614 5056; x_wconf 87' lang='lat' dir='ltr'>augurum</span> <span class='ocrx_word' id='word_1_498' title='bbox 643 4972 794 5034; x_wconf 89' lang='lat' dir='ltr'>carminis</span> <span class='ocrx_word' id='word_1_499' title='bbox 822 4972 906 5034; x_wconf 83' lang='lat' dir='ltr'>iatcr</span> <span class='ocrx_word' id='word_1_500' title='bbox 932 4991 968 5032; x_wconf 88' lang='lat' dir='ltr'>ca</span> <span class='ocrx_word' id='word_1_501' title='bbox 991 4968 1175 5051; x_wconf 77' lang='lat' dir='ltr'>coarepa&#39;oaa</span> <span class='ocrx_word' id='word_1_502' title='bbox 1198 4986 1223 5031; x_wconf 90' lang='grc'>5.</span> <span class='ocrx_word' id='word_1_503' title='bbox 1243 4988 1272 5051; x_wconf 88' lang='lat' dir='ltr'>q.</span> <span class='ocrx_word' id='word_1_504' title='bbox 1292 4988 1315 5032; x_wconf 90' lang='lat' dir='ltr'>s.</span> <span class='ocrx_word' id='word_1_505' title='bbox 1341 4968 1445 5051; x_wconf 91' lang='lat' dir='ltr'>quode</span> <span class='ocrx_word' id='word_1_506' title='bbox 1480 4987 1569 5031; x_wconf 88' lang='lat' dir='ltr'>nuuc</span> <span class='ocrx_word' id='word_1_507' title='bbox 1599 4968 1673 5032; x_wconf 90' lang='lat' dir='ltr'>vide</span> <span class='ocrx_word' id='word_1_508' title='bbox 1698 4989 1782 5052; x_wconf 89' lang='lat' dir='ltr'>quae</span> <span class='ocrx_word' id='word_1_509' title='bbox 1805 4971 1960 5054; x_wconf 87' lang='lat' dir='ltr'>ampliori,</span> <span class='ocrx_word' id='word_1_510' title='bbox 1989 4992 2087 5054; x_wconf 90' lang='lat' dir='ltr'>quam</span> <span class='ocrx_word' id='word_1_511' title='bbox 2113 4993 2199 5056; x_wconf 89' lang='lat' dir='ltr'>paro,</span> <span class='ocrx_word' id='word_1_512' title='bbox 2224 4975 2263 5038; x_wconf 87' lang='lat' dir='ltr'>de</span> 
     </span>
     <span class='ocr_line' id='line_1_42' title="bbox 451 5071 2261 5162; baseline 0.002 -22"><span class='ocrx_word' id='word_1_513' title='bbox 451 5097 489 5141; x_wconf 90' lang='lat' dir='ltr'>ea</span> <span class='ocrx_word' id='word_1_514' title='bbox 517 5097 552 5140; x_wconf 92' lang='lat' dir='ltr'>re</span> <span class='ocrx_word' id='word_1_515' title='bbox 580 5077 841 5140; x_wconf 87' lang='lat' dir='ltr'>commentationi</span> <span class='ocrx_word' id='word_1_516' title='bbox 863 5076 984 5158; x_wconf 89' lang='lat' dir='ltr'>prolusi</span> <span class='ocrx_word' id='word_1_517' title='bbox 1007 5077 1040 5138; x_wconf 90' lang='lat' dir='ltr'>in</span> <span class='ocrx_word' id='word_1_518' title='bbox 1065 5074 1226 5156; x_wconf 85' lang='lat' dir='ltr'>Symbolis</span> <span class='ocrx_word' id='word_1_519' title='bbox 1250 5094 1278 5156; x_wconf 91' lang='lat' dir='ltr'>p.</span> <span class='ocrx_word' id='word_1_520' title='bbox 1304 5071 1355 5137; x_wconf 82' lang='lat'>99.</span> <span class='ocrx_word' id='word_1_521' title='bbox 1408 5093 1489 5157; x_wconf 91' lang='lat' dir='ltr'>quae</span> <span class='ocrx_word' id='word_1_522' title='bbox 1520 5091 1594 5136; x_wconf 87' lang='lat' dir='ltr'>cum</span> <span class='ocrx_word' id='word_1_523' title='bbox 1616 5075 1661 5136; x_wconf 91' lang='lat' dir='ltr'>ita</span> <span class='ocrx_word' id='word_1_524' title='bbox 1684 5077 1758 5157; x_wconf 90' lang='lat' dir='ltr'>sint,</span> <span class='ocrx_word' id='word_1_525' title='bbox 1795 5077 1907 5140; x_wconf 92' lang='lat' dir='ltr'>nullus</span> <span class='ocrx_word' id='word_1_526' title='bbox 1941 5077 2051 5140; x_wconf 92' lang='lat' dir='ltr'>dubito</span> <span class='ocrx_word' id='word_1_527' title='bbox 2081 5081 2161 5162; x_wconf 91' lang='lat' dir='ltr'>quin</span> <span class='ocrx_word' id='word_1_528' title='bbox 2185 5099 2261 5144; x_wconf 87' lang='lat' dir='ltr'>casu</span> 
     </span>
     <span class='ocr_line' id='line_1_43' title="bbox 452 5178 2262 5266; baseline 0.003 -22"><span class='ocrx_word' id='word_1_529' title='bbox 452 5181 571 5246; x_wconf 87' lang='lat' dir='ltr'>lactum</span> <span class='ocrx_word' id='word_1_530' title='bbox 589 5184 638 5262; x_wconf 88' lang='lat' dir='ltr'>sit,</span> <span class='ocrx_word' id='word_1_531' title='bbox 661 5189 698 5246; x_wconf 93' lang='lat' dir='ltr'>ut</span> <span class='ocrx_word' id='word_1_532' title='bbox 719 5185 803 5246; x_wconf 90' lang='lat' dir='ltr'>inter</span> <span class='ocrx_word' id='word_1_533' title='bbox 826 5183 933 5266; x_wconf 89' lang='lat' dir='ltr'>legum</span> <span class='ocrx_word' id='word_1_534' title='bbox 957 5183 1219 5265; x_wconf 90' lang='lat' dir='ltr'>precationumve</span> <span class='ocrx_word' id='word_1_535' title='bbox 1243 5184 1429 5263; x_wconf 87' lang='lat' dir='ltr'>ceterasque</span> <span class='ocrx_word' id='word_1_536' title='bbox 1444 5178 1551 5242; x_wconf 89' lang='lat' dir='ltr'>Latini</span> <span class='ocrx_word' id='word_1_537' title='bbox 1574 5183 1731 5244; x_wconf 89' lang='lat' dir='ltr'>sermonis</span> <span class='ocrx_word' id='word_1_538' title='bbox 1755 5183 1970 5266; x_wconf 91' lang='lat' dir='ltr'>antiquissimi</span> <span class='ocrx_word' id='word_1_539' title='bbox 1992 5185 2145 5266; x_wconf 90' lang='lat' dir='ltr'>reliquias</span> <span class='ocrx_word' id='word_1_540' title='bbox 2169 5191 2262 5249; x_wconf 80' lang='lat' dir='ltr'>tenus</span> 
     </span>
     <span class='ocr_line' id='line_1_44' title="bbox 452 5286 2260 5372; baseline 0.002 -21"><span class='ocrx_word' id='word_1_541' title='bbox 452 5287 596 5352; x_wconf 86' lang='lat' dir='ltr'>adverbii</span> <span class='ocrx_word' id='word_1_542' title='bbox 620 5289 767 5372; x_wconf 84' lang='lat' dir='ltr'>exempla</span> <span class='ocrx_word' id='word_1_543' title='bbox 790 5289 880 5352; x_wconf 88' lang='lat' dir='ltr'>nulla</span> <span class='ocrx_word' id='word_1_544' title='bbox 903 5292 1020 5351; x_wconf 84' lang='lat' dir='ltr'>extent.</span> <span class='ocrx_word' id='word_1_545' title='bbox 1066 5286 1229 5352; x_wconf 89' lang='lat' dir='ltr'>abiectum</span> <span class='ocrx_word' id='word_1_546' title='bbox 1251 5289 1351 5370; x_wconf 88' lang='lat' dir='ltr'>igitur</span> <span class='ocrx_word' id='word_1_547' title='bbox 1373 5287 1473 5349; x_wconf 88' lang='lat' dir='ltr'>iacuit</span> <span class='ocrx_word' id='word_1_548' title='bbox 1496 5305 1533 5349; x_wconf 88' lang='lat' dir='ltr'>ac</span> <span class='ocrx_word' id='word_1_549' title='bbox 1555 5305 1658 5369; x_wconf 89' lang='lat' dir='ltr'>paene</span> <span class='ocrx_word' id='word_1_550' title='bbox 1682 5288 1916 5370; x_wconf 88' lang='lat' dir='ltr'>absconditum,</span> <span class='ocrx_word' id='word_1_551' title='bbox 1940 5289 2042 5353; x_wconf 91' lang='lat' dir='ltr'>donec</span> <span class='ocrx_word' id='word_1_552' title='bbox 2063 5291 2160 5355; x_wconf 80' lang='lat' dir='ltr'>Tullii</span> <span class='ocrx_word' id='word_1_553' title='bbox 2184 5299 2260 5356; x_wconf 90' lang='lat' dir='ltr'>tem-</span> 
     </span>
     <span class='ocr_line' id='line_1_45' title="bbox 451 5392 2262 5478; baseline 0.003 -22"><span class='ocrx_word' id='word_1_554' title='bbox 451 5392 585 5478; x_wconf 89' lang='lat' dir='ltr'>poribus</span> <span class='ocrx_word' id='word_1_555' title='bbox 607 5394 776 5458; x_wconf 90' lang='lat' dir='ltr'>reduotum</span> <span class='ocrx_word' id='word_1_556' title='bbox 794 5396 891 5458; x_wconf 91' lang='lat' dir='ltr'>estin</span> <span class='ocrx_word' id='word_1_557' title='bbox 915 5395 1020 5458; x_wconf 90' lang='lat' dir='ltr'>lucem</span> <span class='ocrx_word' id='word_1_558' title='bbox 1043 5395 1228 5458; x_wconf 87' lang='lat' dir='ltr'>litterarum.</span> <span class='ocrx_word' id='word_1_559' title='bbox 1254 5393 1333 5476; x_wconf 90' lang='lat' dir='ltr'>quid</span> <span class='ocrx_word' id='word_1_560' title='bbox 1357 5392 1478 5456; x_wconf 80' lang='lat' dir='ltr'>multa?</span> <span class='ocrx_word' id='word_1_561' title='bbox 1503 5392 1703 5456; x_wconf 87' lang='lat' dir='ltr'>consimilem</span> <span class='ocrx_word' id='word_1_562' title='bbox 1726 5393 1864 5459; x_wconf 87' lang='lat' dir='ltr'>fatorum</span> <span class='ocrx_word' id='word_1_563' title='bbox 1887 5396 2144 5462; x_wconf 90' lang='lat' dir='ltr'>vicissitudinem</span> <span class='ocrx_word' id='word_1_564' title='bbox 2168 5402 2262 5462; x_wconf 76' lang='lat' dir='ltr'>tonas</span> 
     </span>
    </p>
   </div>
   <div class='ocr_carea' id='block_1_4' title="bbox 0 0 2496 6617">
    <p class='ocr_par' dir='ltr' id='par_1_4' title="bbox 0 0 2496 6617">
     <span class='ocr_line' id='line_1_46' title="bbox 0 0 2496 6617; baseline 0 0"><span class='ocrx_word' id='word_1_565' title='bbox 0 0 2496 6617; x_wconf 95' lang='lat' dir='ltr'> </span> 
     </span>
    </p>
   </div>
  </div>
 </body>
</html>
