4982 6622
1346 714 1371 808 ‚8

454 930 528 996 bius
552 933 683 1018 conlega
713 925 998 1004 coniunctissimus
1030 941 1235 1027 deprompsit.
1267 948 1298 1006 et
1320 943 1488 1007 sciendum
1513 963 1640 1008 sacrum
1663 944 1743 1008 illud
1768 944 1855 1027 qued
1879 942 1965 1027 apud
1987 940 2086 1004 Indos
2109 961 2128 1002 a
2151 941 2263 1006 mulle-

454 1058 529 1102 rum
561 1041 665 1104 oeulis
698 1041 930 1108 defendebatur
962 1050 1174 1112 sanctimonia
1197 1049 1298 1113 fulsse
1321 1049 1488 1130 singulari.
1513 1050 1569 1113 sed
1593 1069 1634 1114 ne
1659 1051 1737 1134 quid
1757 1052 1792 1113 in
1814 1069 1850 1114 re
1873 1071 1892 1112 a
1916 1049 1995 1112 meis
2018 1046 2133 1111 studiis
2157 1047 2264 1112 aliena

456 1146 623 1228 perimam,
645 1148 748 1230 ipsius
773 1149 883 1214 Garbii
906 1152 1005 1217 verbe
1028 1156 1168 1219 inseram
1193 1161 1302 1220 nestro
1326 1174 1473 1219 sermone
1497 1157 1627 1239 scripta:

670 1254 1073 1340 ³Catapotia-Iirdlunnqu
1098 1263 1147 1324 14.
1174 1264 1201 1326 1.
1229 1264 1256 1325 3.
1282 1261 1337 1324 16:
1375 1260 1481 1325 ‘wenn
1509 1263 1560 1326 die
1583 1261 1960 1346 Prarargja-Oeremonie
1984 1260 2148 1342 vollzegen
2174 1261 2262 1341 uird,

563 1361 702 1424 verhitllt
729 1363 779 1426 die
795 1363 916 1428 'Gattin
951 1363 1021 1449 (des
1050 1366 1387 1452 Opferveranstalters)
1419 1367 1469 1431 ihr
1496 1367 1626 1451 Haupt’.
1674 1369 1768 1433 7-9.
1791 1367 1877 1432 Jhdt.
1913 1366 2041 1430 Ehense
2064 1364 2259 1448 Kaumana-

567 1467 809 1550 (iruna-Sena
838 1471 889 1537 26.
921 1473 948 1534 3.
977 1471 1006 1535 2.
1052 1456 1526 1558 §spetunca-ttrauto-Sotra
1561 1475 1611 1539 15.
1642 1477 1670 1538 2.
1704 1477 1736 1537 9:
1773 1473 1843 1540 <Bet
1877 1472 1949 1538 dem
1984 1472 2158 1554 Pravarfla
2193 1471 2265 1534 darf

563 1575 668 1638 weder
691 1577 762 1640 eine
787 1575 871 1641 Fran
894 1579 978 1642 noch
1001 1581 1072 1644 eine
1097 1579 1203 1665 thra
1227 1580 1392 1659 zusehen’3
1420 1581 1468 1643 15.
1495 1581 1522 1644 5.
1551 1582 1578 1660 l,
1603 1583 1636 1643 2:
1671 1581 1777 1645 ‘wenn
1801 1581 1961 1644 munden
1985 1577 2159 1660 Pravargja
2183 1577 2262 1640 vell-

562 1681 674 1744 zIehen
699 1682 773 1762 will,
796 1685 1000 1749 versohliesst
1024 1707 1099 1750 man
1124 1687 1175 1750 die
1197 1686 1300 1749 There
1324 1686 1392 1766 (der
1415 1685 1679 1770 Umfriedigung)
1704 1686 1772 1750 und
1796 1687 1936 1750 verhiillt
1959 1686 2021 1749 den
2045 1681 2103 1748 Ort
2128 1683 2262 1747 verder

563 1787 672 1850 Gattin
696 1787 768 1872 (des
793 1788 1132 1877 Opferveranstalters)
1166 1791 1280 1876 [demit
1307 1792 1363 1856 der
1385 1792 1559 1876 Pravargja
1586 1811 1650 1856 von
1677 1792 1737 1873 ihr,
1764 1793 1916 1855 wahrend
1946 1793 1992 1855 sie
2020 1790 2088 1854 sich
2112 1809 2154 1854 an
2176 1790 2261 1853 ihrer

562 1893 662 1958 Stiitte
684 1894 833 1978 befindet,
857 1897 945 1961 nicht
967 1899 1106 1982 gesehen
1132 1899 1219 1962 wird.
1266 1897 1442 1982 Scholiastl.
1491 1901 1585 1962 3-4.
1610 1897 1697 1961 Jhdt
1723 1897 1767 1960 ef.
1791 1897 1971 1962 Zeitsehrift
1994 1897 2052 1962 der
2074 1894 2259 1960 Deutschen

562 1999 883 2083 Mergenliindisehen
910 2003 1125 2068 Gcsellschatt..
1172 2004 1229 2068 Bd.
1254 2003 1414 2086 XXXIII,
1439 2003 1512 2086 320,
1536 2006 1610 2086 329,
1634 2006 1706 2068 334.

614 2105 753 2172 Prorsus
775 2110 911 2192 gemella
937 2111 1036 2194 igilur
1063 2113 1148 2176 eirca
1175 2113 1443 2175 caerImeniarum
1471 2113 1673 2175 sanctitatem
1701 2113 1864 2175 anxietate
1887 2116 1953 2174 tam
1976 2109 2138 2174 Romanos
2162 2129 2261 2191 quam

453 2211 553 2276 Indos
576 2213 611 2274 in
634 2213 683 2277 his
707 2219 792 2278 certe
815 2218 916 2280 sacris
939 2237 1068 2282 curasse
1092 2223 1230 2302 apparet,
1267 2223 1367 2282 utne
1391 2218 1566 2282 otiosarum
1588 2218 1760 2281 mulierum
1789 2217 1875 2281 oculi
1901 2217 2009 2279 nocivi
2035 2217 2152 2279 vitium
2178 2215 2262 2278 face-

453 2324 527 2382 rent
554 2319 767 2402 operantibus
813 2324 930 2386 etenim
954 2325 1092 2388 slmilem
1116 2325 1273 2388 cautelam
1296 2325 1331 2388 in
1353 2323 1459 2388 verbis
1482 2324 1701 2406 iuscriptienis
1723 2323 1897 2404 Romanae,
1921 2323 2048 2406 qualem
2072 2341 2131 2406 ege
2150 2322 2212 2405 legi
2231 2325 2262 2384 et

457 2423 600 2507 distinxi,
623 2426 729 2490 inesse
753 2429 827 2511 quis
850 2429 916 2492 iam
939 2433 1127 2514 negarent?
1151 2450 1265 2514 nempe
1289 2436 1421 2494 cavetur
1443 2449 1484 2493 ne
1508 2430 1599 2513 virge
1622 2431 1657 2493 ln
1680 2449 1765 2510 eum,
1789 2430 1844 2511 qni
1868 2429 2036 2492 vasculum
2060 2425 2128 2490 Iovi
2152 2427 2261 2490 Satur-

456 2549 565 2614 noque
587 2533 701 2614 mittat,
732 2535 866 2598 comiter
888 2555 922 2599 se
945 2537 1095 2620 gerendo,
1130 2539 1191 2601 hoc
1225 2543 1273 2602 est
1300 2540 1383 2601 iuter
1410 2538 1479 2600 vias
1506 2542 1544 2600 ut
1567 2537 1657 2598 aiunt
1680 2537 1710 2600 ei
1733 2535 1918 2598 adnutande
1942 2535 2067 2598 eomive
2090 2538 2122 2598 et
2145 2532 2262 2597 affabili

455 2655 601 2702 sermone
633 2657 706 2702 eum
730 2640 950 2724 compellando
985 2644 1102 2708 uitium
1131 2644 1241 2708 faciat:
1274 2643 1352 2725 quid
1384 2643 1470 2725 qued
1502 2645 1608 2726 ipsum
1631 2642 1805 2726 piaculum,
1829 2641 1914 2723 qued
1938 2639 2090 2704 Catonem
2115 2641 2261 2703 emisisse

456 2743 534 2822 dixi,
558 2745 732 2828 ascriptum
757 2750 806 2809 est
830 2745 891 2831 Opi
913 2747 1068 2813 Teitesiae
1092 2748 1303 2814 solvendum?
1343 2747 1470 2812 duabus
1493 2749 1592 2832 igitur
1622 2747 1720 2812 rebus
1743 2746 1918 2811 Catoniana
1948 2747 2003 2812 lex
2034 2751 2066 2810 et
2095 2747 2261 2828 inscriptio

452 2851 581 2914 vasculi
603 2852 688 2915 inter
711 2871 745 2916 se
770 2852 935 2918 differunt:
970 2857 1111 2939 primum
1135 2875 1172 2919 ee
1196 2855 1283 2938 quod
1307 2855 1406 2918 altera
1428 2853 1596 2918 mulierem
1629 2855 1728 2918 altera
1751 2854 1911 2936 virginem
1933 2853 2047 2937 procul
2070 2871 2140 2916 esse
2163 2851 2261 2930 iubet,

456 2956 571 3020 deinde
603 2975 639 3020 ee
674 2959 759 3040 qued
792 2959 848 3023 illa
880 2961 1091 3026 sollemnibus
1119 2960 1225 3024 verbis
1257 2965 1391 3040 constat,
1422 2961 1501 3023 haee
1531 2959 1726 3042 elapidaria
1762 2979 1859 3042 quam
1894 2959 1999 3024 dicere
2031 2959 2261 3022 censuevaus

455 3062 669 3126 sollemnitate
693 3084 791 3146 quam
814 3069 955 3131 maxime
979 3066 1133 3132 abherret.
1180 3073 1276 3150 atque
1291 3067 1378 3131 illius
1395 3067 1526 3149 quidem
1549 3065 1744 3128 differentiae
1767 3085 1900 3129 causam
1915 3085 1934 3128 a
1950 3065 2092 3146 deorum,
2115 3064 2155 3128 ad
2180 3083 2261 3146 ques

454 3169 535 3238 haec
562 3177 772 3234 monumenta
793 3175 963 3255 pertinent,
987 3174 1113 3238 diversa
1136 3179 1252 3238 natura
1275 3173 1481 3256 repetendam
1505 3190 1576 3236 esse
1600 3177 1712 3256 sponte
1736 3177 1879 3255 apparet:
1904 3173 1990 3236 ultra
2013 3191 2054 3234 ne
2069 3171 2259 3253 prodeamus
2315 3237 2319 3246 ¹

455 3275 648 3357 quaerendo,
673 3277 752 3358 quid
775 3280 816 3340 sit
839 3280 927 3360 qued
951 3279 1045 3343 Marti
1068 3280 1179 3344 Italico
1210 3278 1403 3342 valetudinis
1436 3278 1530 3341 boum
1557 3277 1681 3340 custodi
1705 3275 1851 3342 mulieris
1873 3278 1972 3358 visua,
2015 3276 2094 3359 quid
2126 3275 2259 3358 virginis

454 3381 586 3444 comitas
618 3383 819 3446 novendialis
854 3386 934 3448 sacri
971 3385 1020 3448 dis
1052 3384 1257 3470 praestitibus
1279 3383 1350 3446 lovi
1372 3384 1578 3466 Saturnoque
1609 3381 1736 3463 officiat,
1768 3391 1918 3446 vetamur
1944 3389 1981 3445 ut
2004 3382 2073 3444 dixi
2100 3381 2260 3464 paucitate

454 3487 674 3584 exemplorum
703 3488 866 3552 slmilium.
913 3491 1045 3554 alterius
1078 3491 1275 3555 differentiae
1308 3509 1405 3554 causa
1436 3489 1640 3572 aliquatenus
1671 3490 1866 3553 inlustratur
1896 3489 2106 3571 inscriptione
2137 3486 2260 3550 vasculi

452 3593 672 3675 Atheniensis,
695 3595 856 3677 siquidem
879 3594 1044 3660 Romanae
1067 3603 1099 3662 et
1122 3598 1312 3680 antiquitate
1336 3601 1367 3659 et
1389 3613 1506 3679 genere
1530 3594 1705 3660 subitariae
1728 3601 1765 3659 ut
1786 3597 1832 3660 ita
1855 3595 1958 3658 dicam
1982 3595 2161 3677 scripturae
2185 3611 2259 3655 een-

454 3700 567 3764 similis
585 3705 639 3763 est
687 3700 802 3782 quodsi
818 3703 891 3786 quis
914 3703 949 3765 in
972 3702 1071 3767 altere
1094 3709 1168 3766 utre
1191 3707 1400 3766 monumento
1425 3702 1578 3765 similium
1603 3700 1825 3785 exemplorum
1849 3701 2009 3766 defectum
2033 3703 2262 3782 conqueratur,

453 3812 583 3870 accuset
604 3807 807 3889 iniquitatem
831 3809 1043 3873 saeculorum.
1091 3809 1169 3893 qnid
1193 3813 1301 3873 autem
1324 3808 1440 3870 mirum
1467 3808 1553 3890 qued
1575 3808 1635 3871 hoe
1657 3827 1759 3891 genus
1783 3812 1992 3874 monumenta
2015 3807 2163 3886 litterata,
2190 3805 2261 3888 ipsa

452 3914 586 3976 materia
608 3917 640 3976 et
661 3933 725 3976 usu
748 3913 871 3998 frivola,
904 3935 1005 3999 paene
1029 3937 1047 3979 a
1070 3916 1254 4000 primordiis
1278 3916 1485 3996 antiquorum
1513 3914 1703 3996 populorum
1726 3933 1792 3977 neu
1826 3915 1920 3998 plura
1947 3913 2155 3993 duraverunt,
2184 3929 2260 3974 eum

457 4018 601 4082 eiusdem
625 4021 736 4083 aetatis
760 4020 812 4083 vel
833 4039 970 4105 eaquae
992 4022 1092 4105 lapidi
1114 4023 1221 4086 aerive
1243 4019 1371 4105 publice
1393 4021 1496 4084 incisa
1518 4024 1610 4083 erant
1632 4021 1784 4103 perierint
1800 4025 1927 4104 praeter
1941 4019 2154 4102 paucIssima?
2179 4022 2261 4080 cete-

454 4145 527 4188 rum
560 4129 606 4190 eis
639 4144 720 4209 quae
751 4143 856 4209 nuper
878 4129 1066 4211 siugillatim
1090 4127 1128 4191 de
1150 4127 1228 4190 Iove
1250 4126 1455 4208 Saturnoque
1483 4127 1564 4188 sacri
1591 4127 1793 4190 novendiaIIs
1823 4127 1976 4210 patrenIs,
2007 4125 2046 4188 de
2079 4125 2260 4188 charactere

453 4230 659 4314 litteraturae,
683 4233 722 4296 de
744 4232 853 4296 indole
871 4235 1027 4298 sermonis
1050 4235 1195 4317 exposui,
1218 4233 1321 4297 selum
1346 4231 1479 4296 accessit
1501 4232 1561 4296 hee
1584 4233 1669 4313 nevi,
1692 4231 1778 4314 qnod
1801 4233 1833 4295 oi
1855 4251 1911 4316 pro
1934 4231 1964 4294 ei
1987 4233 2141 4315 scriptum
2165 4237 2203 4294 ut
2224 4231 2259 4292 iu

454 4337 547 4404 titulo
571 4345 680 4403 nostre
703 4340 780 4422 quoi
802 4340 889 4404 nerei
911 4341 988 4422 eois,
1006 4343 1061 4404 -ita
1083 4342 1180 4405 etiam
1207 4341 1242 4403 in
1265 4339 1358 4403 titulo
1381 4337 1505 4402 Falisco
1537 4339 1715 4422 comparuit
1741 4339 1814 4402 hoc:
1852 4338 1951 4402 Volh‘o
1974 4335 2123 4401 Felceseo
2151 4337 2260 4400 Zentoi

453 4444 487 4527 s,
518 4445 552 4507 id
585 4450 633 4508 est
660 4445 761 4509 latine
792 4445 914 4510 Vettius
937 4446 1103 4510 Folcesa'us
1133 4447 1213 4528 (sive
1244 4445 1424 4526 Holcosius)
1457 4443 1562 4508 Seetei
1588 4443 1730 4530 saliam:
1763 4444 1797 4507 id
1829 4444 1916 4528 quod
1947 4444 2087 4508 indicavi
2118 4442 2259 4508 Hermae

406 4549 408 4555 ’
455 4550 515 4614 vel.
539 4549 622 4614 XVI
644 4570 673 4634 p.
701 4552 764 4615 510
789 4571 813 4615 s.

1338 4658 1380 4721 Π.

569 4779 571 4784 ·
586 4761 757 4844 Ingeniosa
770 4771 806 4829 ut
818 4766 898 4829 solet
905 4763 935 4829 N
936 4765 1058 4829 icelaus
1065 4763 1527 4848 lil'advigiusEmendationum
1535 4762 1743 4827 Livianarum
1754 4765 1832 4847 p45
1846 4763 2056 4848 suspicionem
2069 4763 2170 4827 morit
2182 4781 2257 4826 cen-

453 4875 503 4933 tra
516 4870 707 4953 scripturam
721 4871 869 4934 codicum
881 4869 964 4933 Livii
976 4867 1058 4951 1,32,
1068 4872 1102 4932 in
1115 4870 1235 4953 quibus
1247 4871 1332 4954 regis
1342 4876 1490 4934 senatum
1504 4871 1693 4934 sententiam
1704 4871 1848 4952 rogantis
1857 4869 1956 4934 verba
1964 4871 2011 4934 sic
2020 4870 2136 4934 hadita
2144 4870 2260 4953 legun-

452 4979 521 5038 tur:
539 4997 681 5058 quarum
696 4997 807 5040 rerum
826 4977 935 5040 litium
950 4996 1125 5040 cuasarum
1141 4977 1284 5040 condicit
1292 4981 1387 5060 puter
1397 4981 1548 5060 patratam
1559 4975 1827 5060 popula'Renmne'
1840 4975 2021 5050 Quirltium
2027 4976 2120 5061 putri
2130 4981 2258 5060 patroio

452 5080 642 5146 uasorum
664 5083 859 5148 detinemini
892 5081 1139 5166 horninihuaqoe
1161 5081 1284 5145 Priscis
1306 5081 1446 5162 Lemnis,
1481 5103 1563 5165 quas
1589 5103 1639 5146 res
1665 5102 1723 5145 nee
1748 5082 1904 5145 dedanim
1927 5103 1985 5147 aaa
2014 5083 2177 5147 solverunt
2201 5103 2259 5146 nec

451 5187 604 5270 facereret,
623 5210 705 5272 quus
727 5209 777 5254 res
800 5190 874 5254 duri
895 5189 976 5253 sole-i
997 5189 1072 5272 fieri
1094 5188 1242 5272 oportuit,
1266 5189 1317 5252 die
1335 5225 1375 5234 —
1394 5188 1503 5270 inquit
1525 5188 1555 5250 ea'
1577 5209 1671 5270 quam
1684 5189 1836 5271 primurn
1858 5190 2049 5252 senterata'um
2070 5189 2199 5272 repebat
2215 5224 2258 5235 —

453 5294 533 5376 quid
555 5297 680 5360 censes?
705 5301 776 5359 tum
797 5297 865 5360 ille:
885 5316 972 5380 pure
991 5295 1110 5378 pioque
1132 5295 1233 5358 diaeta
1249 5295 1447 5377 quaerendas
1469 5313 1575 5358 censae
1590 5293 1698 5377 ltaque
1720 5295 1880 5358 conseram
1900 5295 2126 5380 conscissaque.
2153 5313 2259 5377 neque

453 5401 540 5464 euim
564 5422 583 5464 a
606 5422 770 5486 quoquam
793 5404 974 5487 expositum
999 5421 1078 5483 esse,
1102 5419 1165 5485 quo
1187 5401 1259 5464 iure
1283 5401 1473 5465 condicendi
1496 5400 1632 5464 verbum
1654 5401 1841 5485 genetivum
1864 5401 1925 5465 sihi
1950 5401 2082 5488 adiungi
2110 5403 2262 5486 patiatur,
