4982 6622
1100 725 1141 787 19

1014 815 1225 824 ———-—-—---

219 973 293 1018 asve
322 974 356 1018 se
379 956 557 1020 intendisse
581 956 685 1036 turdo,
718 956 763 1018 ita
798 961 834 1019 ut
868 977 944 1020 mox
968 958 1130 1040 periturus
1155 957 1216 1020 sit?
1252 977 1351 1040 apage
1375 975 1491 1040 nugas:
1524 962 1616 1019 tenus
1640 956 1833 1020 vocabulum
1867 957 1926 1018 hoc
1954 958 2024 1021 loco

219 1061 302 1124 idem
324 1061 405 1124 illud
429 1067 484 1142 est,
509 1062 595 1144 quod
619 1061 766 1126 ablativis
790 1084 824 1126 cu
848 1064 906 1126 linc
929 1083 995 1145 pun
1017 1062 1158 1127 vidimus
1182 1064 1297 1126 sociari
1333 1063 1542 1146 ‹luodqaein
1565 1063 1676 1126 eadem
1699 1060 1818 1142 fabula,
1851 1083 1925 1126 cum
1948 1063 2024 1127 alibi

218 1167 302 1250 apud
326 1167 478 1231 Plautum
502 1189 566 1230 non
590 1164 784 1251 inveniatur,
807 1171 963 1232 sociatum
987 1175 1034 1232 θεῖ
1058 1169 1197 1232 ablativo
1222 1169 1308 1232 istuc.
1333 1169 1411 1233 dicit
1434 1175 1542 1233 autem
1567 1167 1759 1249 Chrysalus:
1790 1169 1948 1250 pendebit,
1980 1171 2024 1234 ita

220 1280 313 1335 taius
337 1273 467 1336 latendi.
509 1273 622 1338 Latine
645 1281 676 1339 et
698 1274 848 1339 Plautina
872 1276 989 1339 dicitur
1012 1276 1127 1358 aliquis
1152 1277 1258 1359 aliquo
1288 1277 1454 1340 intendere
1481 1276 1531 1339 vel
1564 1274 1732 1338 intendere
1765 1275 1887 1358 aliquid
1920 1276 2024 1341 facore

219 1380 395 1462 eodemque
418 1381 579 1462 pertinent
601 1381 781 1445 locutiones
805 1382 892 1446 litem
917 1382 1012 1444 alicui
1035 1381 1207 1446 insidiasve
1230 1383 1396 1447 intendere
1421 1387 1451 1446 et
1475 1384 1617 1446 animum
1642 1381 1807 1444 intendere
1831 1383 1866 1444 in
1882 1382 2024 1465 aliquam

218 1505 293 1549 rem.
321 1488 431 1568 itaque
455 1485 629 1567 Chrysalus
652 1507 726 1551 cum
751 1488 950 1552 adulescenti
972 1493 1126 1570 tanquam
1150 1508 1266 1572 anceps
1289 1490 1386 1553 turdo
1409 1489 1581 1552 insidiatus
1600 1493 1657 1568 est,
1680 1487 1818 1551 intendit
1834 1489 1873 1569 ei,
1891 1489 1937 1552 ita
1953 1491 2024 1572 qui-

219 1593 291 1656 dem
303 1592 442 1656 intendit
457 1599 493 1656 ut
506 1613 569 1655 non
582 1595 682 1676 possit
694 1613 758 1657 non
771 1613 849 1657 mox
860 1594 1013 1676 pendere:
1038 1595 1174 1658 intendit
1187 1601 1293 1659 autem
1308 1596 1351 1656 itu
1365 1601 1457 1658 terina
1473 1595 1524 1658 vel
1536 1596 1582 1658 v'tc
1600 1617 1636 1658 cu
1651 1594 1723 1676 sini.
1749 1595 1831 1656 hanc
1848 1595 1932 1657 enim
1950 1595 2025 1658 finis
2074 1578 2082 1602 '

220 1699 486 1782 significationem
499 1698 635 1764 Verrius
647 1699 790 1781 Flaccus,
803 1702 860 1783 qui
871 1703 1153 1783 interpretamenta
1170 1702 1225 1764 illa
1236 1699 1287 1787 [ne
1303 1702 1399 1765 fando
1418 1702 1545 1784 (pridem
1559 1702 1689 1764 audisse
1701 1700 1837 1781 videtur,
1846 1702 2024 1766 rectissime

219 1804 329 1868 tribuit
342 1806 517 1887 particulae
530 1810 630 1886 terrra,
645 1806 671 1869 si
685 1807 818 1888 quidem
830 1826 913 1889 quae
923 1827 1018 1890 supra
1031 1807 1292 1871 edissertavimus
1302 1809 1480 1872 locutiones
1491 1831 1528 1870 ea.
1534 1808 1608 1889 sini,
1621 1829 1655 1868 eu
1667 1813 1767 1884 tarius,
1778 1807 1941 1868 radii-ibus
1950 1809 2024 1890 (bri,

220 1913 323 1974 radice
340 1917 431 1974 icarus·
447 1931 491 1974 ne
507 1911 571 1973 hilo
589 1913 717 1994 quidem
734 1915 819 1975 inter
834 1932 868 1976 se
885 1912 1044 1976 differunt.
1061 1933 1134 1976 nam
1149 1934 1166 1976 a
1179 1915 1315 1978 tenendo
1332 1913 1449 1978 factum
1463 1933 1532 1977 esse
1545 1920 1637 1975 raras
1649 1933 1747 1996 supra
1764 1913 1913 1976 vidimus.
1937 1911 2024 1996 quod

219 2017 353 2081 verbum
378 2017 609 2101 significatione
634 2039 730 2102 prope
754 2020 876 2082 accedit
900 2019 940 2081 ad
962 2020 1117 2082 tendendi
1140 2022 1364 2104 porrigendive
1388 2027 1444 2084 aut
1468 2020 1645 2104 attingendi
1669 2021 1836 2101 actionem,
1866 2019 1900 2082 id
1938 2022 2023 2102 quod

219 2125 359 2186 maxime
383 2130 514 2207 apparet
537 2120 718 2207 comparato
743 2127 916 2208 composito
943 2126 1028 2208 quod
1053 2134 1102 2190 est
1119 2128 1287 2209 portiana.
1333 2147 1368 2190 ea
1392 2129 1493 2210 igitur
1522 2127 1678 2210 particula
1708 2127 1847 2210 primum
1880 2125 2023 2191 adverbii

219 2231 288 2293 vice
316 2230 444 2294 videtur
470 2230 581 2294 functa
604 2250 683 2311 esse,
708 2231 781 2294 dein
805 2233 1057 2314 praepositionis.
1107 2235 1158 2295 cui
1183 2234 1269 2316 quod
1293 2233 1466 2296 ablativum
1503 2235 1623 2296 sociare
1654 2233 1782 2316 placuit,
1813 2231 1930 2294 facturn
1956 2251 2025 2296 esse

219 2341 401 2419 potestant
430 2355 466 2398 eo
492 2337 578 2419 quod
602 2340 791 2402 successerit
813 2339 966 2401 locutioni
989 2339 1055 2420 fini
1078 2361 1113 2402 en
1137 2361 1170 2400 iv
1194 2345 1250 2403 aut
1274 2341 1359 2422 quod
1383 2339 1513 2402 ablativi
1541 2341 1767 2424 pronominum
1801 2359 1837 2400 co
1864 2339 1922 2402 'lenc
1946 2339 2024 2401 istoc

218 2443 380 2505 coniuncti
391 2461 464 2506 cum
478 2443 627 2534 adverbio
641 2443 797 2507 ablativos
808 2443 1093 2525 substantivorum,
1106 2465 1244 2527 quorum
1257 2465 1334 2510 sane
1346 2446 1471 2509 diversa
1480 2451 1527 2510 est
1537 2447 1627 2526 ratic,
1637 2447 1756 2509 sensim
1769 2445 1973 2508 traduxerint
1983 2445 2022 2507 ad

216 2549 393 2612 ineundam
418 2569 491 2612 eum
515 2535 750 2632 praepositione
774 2552 965 2613 societatem.
992 2551 1131 2633 deniqne
1156 2571 1218 2634 quo
1251 2553 1454 2635 potissimum
1486 2552 1619 2616 consilio
1652 2552 1827 2635 pluralium
1851 2552 2023 2635 genetivus

219 2657 252 2718 in
267 2656 373 2720 locum
390 2655 520 2719 ablativi
538 2656 733 2720 substitutus
750 2658 791 2720 sit
806 2657 944 2720 viderint
968 2658 1145 2738 peritiores:
1171 2677 1228 2740 ego
1253 2678 1341 2722 nuno
1361 2659 1490 2741 quidem
1508 2659 1586 2722 satis
1610 2657 1711 2722 habeo
1735 2677 1803 2722 rem
1824 2663 1854 2721 et
1877 2657 2022 2738 regulam

220 2761 420 2826 stabilivisse.

1092 2940 1148 3004 IV.

377 3061 484 3126 Verbo
507 3069 637 3146 tangam
669 3083 737 3127 rem
769 3064 825 3127 diu
849 3064 1053 3146 ninltnmque
1085 3063 1252 3128 hominum
1286 3067 1450 3130 doctorum
1475 3066 1681 3150 opinionibus
1705 3072 1863 3146 vexatam,
1886 3067 2022 3148 etapium-

218 3168 364 3231 vocabuli
388 3170 553 3251 originem.
589 3175 678 3233 extat
701 3171 815 3233 titulus
839 3169 1024 3252 sepulcralis
1047 3169 1188 3234 hominis
1209 3170 1311 3254 plebei
1329 3171 1496 3236 Romarm
1513 3170 1579 3234 CIL
1598 3171 1655 3252 Vl,
1675 3172 1761 3234 9659
1785 3172 1894 3234 multis
1919 3174 2021 3235 nomi-

215 3273 314 3338 nibus
343 3274 568 3356 memorabilis,
597 3276 702 3358 quode
729 3274 877 3358 pluribus
906 3275 973 3336 dixi
997 3273 1137 3338 Hermae
1166 3277 1225 3339 vol.
1256 3275 1319 3339 XV
1343 3299 1372 3361 p.
1402 3280 1479 3342 534:
1511 3278 1554 3341 ibi
1578 3277 1663 3360 quod
1686 3277 1805 3359 legitur
1829 3298 2019 3340 ›ricimann-

218 3385 321 3441 torum
347 3379 557 3461 saerilogos
585 3399 649 3444 non
679 3381 920 3463 quadratarium
950 3379 1004 3442 sed
1035 3381 1220 3463 scriptorem
1251 3401 1401 3467 peccasse
1424 3383 1501 3463 dixi,
1524 3384 1645 3466 volgari
1673 3383 1765 3445 illum
1789 3384 2022 3450 consuetudine

218 3485 449 3567 pronuntiandi
473 3505 579 3549 usum.
629 3506 716 3550 nunc
744 3486 888 3551 eiusdem
916 3485 1158 3551 consuetudinis
1182 3489 1366 3570 exemplum
1393 3489 1529 3552 alterum
1552 3490 1681 3552 invenio
1704 3490 1737 3550 in
1767 3489 1871 3573 lapide
1899 3490 2019 3554 castelli

217 3591 441 3672 Arsacalitani,
473 3591 561 3674 quod
592 3595 624 3654 in
659 3593 768 3656 Africa
800 3595 898 3658 situm
929 3594 990 3656 fuit
1021 3593 1262 3658 Constantina-m
1296 3597 1379 3658 inter
1402 3602 1431 3657 et
1454 3593 1577 3675 Sitifim,
1606 3595 1698 3658 cuius
1727 3596 1916 3677 scripturam
1940 3596 2021 3660 Wil-

216 3699 386 3761 mannsius
410 3699 456 3760 sic
480 3705 649 3780 exceperat
673 3697 829 3780 CILVIII,
854 3700 937 3762 6181

1020 3806 1215 3871 VENERIA

1001 3913 1234 3978 sonninoon

1071 4020 1158 4084 VAC

216 4141 379 4204 adnotavit
395 4141 629 4205 Mommsenus:
657 4141 686 4203 ε2
706 4140 740 4204 Ὃ
756 4147 877 4228 certum
895 4143 951 4207 θεῖ’
969 4143 1090 4210 Wilm’
1118 4146 1202 4229 quod
1227 4143 1445 4207 testimouium
1466 4143 1593 4212 sirecte
1617 4142 1751 4204 velatum
1775 4151 1823 4207 θεῖ
1839 4143 1877 4206 ad
1894 4163 1923 4205 v.
1941 4144 1960 4205 2
1978 4182 2019 4190 —

216 4249 319 4328 possis
354 4249 439 4310 enim
473 4248 627 4330 suspicari
658 4249 818 4329 pertinere
842 4249 880 4311 ad
905 4270 933 4311 v.
959 4253 977 4313 3
1003 4287 1043 4296 -
1068 4251 1264 4314 intellexisse
1292 4253 1421 4332 apparet
1442 4245 1694 4311 Wilmannsium
1718 4248 1847 4312 titulum
1875 4251 1909 4311 in
1932 4251 2019 4313 hunc

216 4354 345 4417 modum
372 4372 440 4417 esse
463 4353 710 4417 restituendum:
744 4353 875 4417 l'cneria
903 4357 1059 4438 sortr'lopu,
1089 4357 1197 4436 mint)
1226 4353 1357 4439 ubuum)
1385 4353 1577 4434 ebediunt).
1625 4355 1660 4415 in
1692 4354 1853 4419 indicibus
1886 4355 2020 4420 Momm·

216 4462 285 4523 seni
326 4461 475 4522 vantilono
512 4461 580 4540 (sic)
614 4461 698 4522 inter
736 4461 926 4543 cognomina
960 4462 1096 4526 relatum
1131 4468 1195 4526 θεῖ..
1256 4481 1329 4524 rara
1368 4465 1414 4522 est
1453 4459 1487 4521 in
1526 4459 1703 4523 litterarum
1743 4463 1962 4526 monumentis
2001 4484 2019 4525 a

214 4565 307 4629 Tullii
344 4567 419 4629 inde
456 4576 556 4630 aetate
592 4567 814 4650 sortilegorum
850 4569 1014 4642 memoria,
1050 4568 1140 4631 nulla
1175 4570 1207 4630 in
1245 4565 1407 4650 lapidibus
1442 4571 1566 4648 praeter
1597 4564 1785 4650 Ligarianos
1823 4573 1858 4630 ut
1892 4568 2019 4632 videtur

216 4709 257 4717 -
290 4693 365 4735 nam
395 4680 468 4736 ante
501 4674 585 4736 edita
614 4670 761 4755 Corporis
797 4673 959 4736 volumina
991 4693 1074 4755 qnae
1105 4674 1234 4737 Italicos
1266 4673 1388 4756 lapides
1421 4673 1673 4756 complectentur
1708 4674 1779 4756 quis
1814 4673 1888 4736 talia
1925 4694 2019 4758 spon-

215 4780 309 4843 deat?
327 4817 368 4825 —
386 4780 553 4863 sortilegae
576 4779 723 4858 feminae,
747 4798 830 4861 quae
855 4779 982 4860 quidem
1008 4780 1067 4842 hoc
1090 4783 1220 4844 nomine
1244 4779 1388 4860 audierit,
1411 4785 1537 4862 praeter
1559 4780 1646 4842 hunc
1669 4771 1806 4862 lapidem
1830 4781 1904 4843 item
1922 4782 2018 4845 nulla.

216 4885 314 4948 nihilo
344 4886 452 4950 minus
480 4887 537 4948 vix
566 4885 763 4949 dubitaveris
792 4885 830 4948 de
858 4885 918 4948 hac
945 4885 1213 4968 interpretatione,
1241 4904 1314 4948 cum
1342 4887 1529 4967 praesertim
1558 4883 1699 4948 eiusdem
1728 4885 1847 4949 formae
1872 4886 2020 4951 vocabuli

214 4989 355 5074 plebeiae
381 4993 555 5076 vestigium
583 4997 704 5055 certum
732 4991 886 5054 manserit
912 4992 945 5052 in
975 4993 1092 5074 optimo
1122 4991 1230 5054 codice
1259 4990 1444 5055 Monacensi
1473 4991 1704 5075 Porphyrionis
1736 5010 1847 5054 comm.
1875 4993 1908 5055 in
1941 4992 2018 5056 Hor.

214 5097 276 5162 Sat.
299 5098 325 5175 I,
351 5098 414 5160 114
436 5098 564 5160 ‹b'riaos
588 5097 796 5181 sortilogos
820 5098 1028 5160 air-culumina.
1065 5098 1128 5160 iam
1153 5097 1252 5182 igitur
1275 5102 1396 5160 certum
1421 5103 1468 5162 θεῖ
1492 5116 1597 5181 neque
1620 5096 1701 5160 illud
1724 5098 1890 5180 saer-tropea
1914 5117 2019 5180 neque

214 5207 274 5267 hoc
297 5203 445 5286 sortr'lopo
476 5224 495 5266 a
528 5203 722 5286 quadratarii
749 5205 874 5266 incuria
903 5205 1081 5284 inscitiave,
1110 5203 1230 5285 quibus
1253 5224 1269 5261 r·
1292 5209 1323 5266 θῖ
1342 5225 1363 5286 p
1386 5209 1584 5286 permutatae
1609 5203 1774 5285 multaque
1798 5204 1859 5267 alia
1880 5204 2019 5287 idgenus

214 5311 293 5374 vitia
317 5309 482 5392 debentur,
505 5329 597 5393 posse
620 5311 736 5393 repeti:
762 5311 941 5392 quinimmo
964 5309 1103 5392 legitime
1127 5309 1304 5372 declinatae
1326 5311 1359 5371 in
1384 5310 1493 5372 latinis
1516 5309 1681 5374 vocabulis
1697 5331 1712 5372 r
1730 5311 1849 5374 vocalis
1872 5313 2017 5393 exempla

214 5424 361 5480 tenemus
385 5415 449 5479 duo
473 5417 505 5478 in
531 5421 616 5480 tanta
642 5416 862 5499 exemplorum
886 5415 983 5478 huius
1006 5415 1086 5498 legis
1113 5417 1274 5500 paucitate
1297 5415 1381 5478 hand
1407 5415 1584 5498 spemendn
1610 5417 1722 5498 eisque
1747 5435 1828 5498 quae
1852 5417 1955 5480 solent
1978 5417 2016 5479 ad
